3112 4966
348 481 413 522 car.
428 480 520 522 xuvu.
555 479 593 520 un
608 469 707 523 nubuo
721 480 866 525 urrunnu.
992 475 1051 532 10⁵

126 642 141 695 1
246 636 404 709 Quinta
424 655 497 698 vero
520 636 639 708 ratione
667 636 828 699 vitandum
856 637 1051 714 aethaliam,
1154 685 1157 690 -

96 813 98 816 ¹
164 741 235 820 quia
263 740 295 801 in
324 759 359 801 eo
382 738 514 800 maxime
544 746 687 800 versatur
709 739 896 820 periculum,
930 742 1053 820 quoda

119 849 145 901 Ι3
163 841 355 922 sapientibus
378 841 507 902 multum
521 848 570 902 est
582 839 776 919 fugieudnm3
800 841 844 902 ait
867 842 945 903 enim
964 842 1052 903 Tul-

163 943 253 1004 lius:
289 942 377 1006 “Sed
399 942 574 1021 fugiendum
597 941 690 1003 etiam
713 942 789 1004 illud
812 950 844 1004 et
873 945 1052 1020 curandum,
1071 935 1269 1031 {ffifflffssss‘m
1298 981 1302 987 ·

128 1052 201 1107 fine
225 1045 389 1106 offeramus
412 1063 469 1124 uos
490 1043 637 1124 perieulis
660 1043 726 1105 sine
751 1064 861 1120 causa,
897 1065 955 1125 quc
979 1045 1053 1107 nibil

165 1153 271 1226 potest
294 1165 367 1226 esse*
386 1145 534 1219 stultius3
557 1153 745 1225 quapropter
767 1146 796 1208 in
821 1147 971 1209 adeundis
995 1167 1053 1228 pe-

52 1231 55 1240 *
132 1247 272 1310 trientis
296 1248 485 1309 consuetudo
508 1246 658 1308 imitanda
691 1255 741 1309 est
769 1249 974 1325 medicorum,
1003 1250 1053 1330 qui

167 1351 278 1412 leviter
299 1356 486 1428 aegrntantes
509 1348 621 1411 leviter
636 1358 758 1424 curant,
780 1350 972 1429 gravioribus
995 1371 1053 1413 eu-

130 1460 227 1514 9tem
257 1451 372 1513 morbis
404 1450 597 1530 periculosas
632 1452 806 1515 curationes
840 1460 872 1515 et
901 1453 1054 1535 ancipites

167 1554 314 1615 adhibere
344 1558 503 1630 coguntur.
556 1550 659 1621 Quare
689 1553 719 1614 in
742 1555 908 1635 tranquillo
930 1564 1054 1637 tempe-

116 1664 149 1719 11
167 1663 280 1718 statem
305 1656 467 1717 adversam
491 1661 610 1734 optare,
634 1655 786 1718 dementis
809 1664 868 1732 est,
892 1658 1055 1721 subvenire

166 1767 269 1822 antem
289 1757 480 1838 tempestati,
502 1759 535 1820 id
550 1765 599 1819 est
613 1758 805 1833 necessitati,
830 1759 1054 1840 quovismodo,

114 1870 148 1925 13
166 1861 274 1941 quavis
298 1859 429 1934 ratione,
452 1860 602 1942 sapientis
626 1861 707 1923 est''.

259 1951 381 2024 Serta
408 1969 510 2022 autem
544 1963 661 2024 ratione
695 1962 778 2024 bella
810 1963 938 2025 vitanda
972 1971 1054 2039 sunt,

114 2075 150 2130 15
166 2065 240 2146 quia
260 2064 292 2125 in
313 2063 374 2143 hijs
397 2081 478 2123 mors
501 2064 541 2124 ab
563 2063 702 2126 omnibus
717 2065 825 2127 merito
850 2073 1052 2146 expectatum

165 2186 237 2229 nam
261 2165 435 2227 “incertum
458 2172 524 2239 est,
556 2185 615 2245 quo
637 2167 706 2228 loeo
729 2187 812 2228 mors
835 2174 866 2229 te
889 2175 1054 2248 expectet:
1075 2157 1162 2251 {2¹35}
1177 2215 1188 2259 ἓ
1203 2157 1273 2249 ,Ψ

112 2280 146 2334 17
164 2276 199 2330 tu
233 2275 335 2329 autem
369 2285 437 2327 eam
476 2266 556 2328 omni
589 2267 657 2330 loco
699 2279 866 2349 expectare
899 2277 990 2350 putes
1025 2277 1057 2331 et

168 2369 296 2444 debes'’,
331 2375 362 2429 et
395 2367 527 2429 maxime
560 2368 590 2429 in
620 2369 712 2433 belle.
766 2371 896 2433 Infinita
926 2371 1055 2451 denique

118 2484 150 2538 19
170 2477 254 2538 sunt¹
275 2469 428 2544 rationes,
462 2469 571 2549 quibus
605 2472 687 2533 bella
720 2480 752 2534 et
785 2492 895 2552 guerra
928 2473 1057 2536 vitanda

170 2580 253 2648 sunt,
283 2592 350 2653 quae
382 2588 443 2632 non
473 2570 613 2632 valerent
646 2573 683 2634 de
711 2574 795 2636 facili
818 2573 964 2654 cogitari3
999 2594 1056 2636 nec

115 2688 149 2741 21
169 2693 223 2736 eae
246 2675 446 2755 adpraesens
468 2676 570 2737 notari
592 2683 725 2757 oportet.

254 2777 339 2846 Tunc
362 2783 551 2838 MELIBEUS
575 2777 669 2839 dixit:
704 2777 793 2838 Licet
821 2777 933 2838 multas
953 2777 1057 2856 justas

118 2889 153 2942 23
171 2877 307 2939 rationes
331 2879 488 2959 sapienter
510 2878 679 2953 induxeris
703 2878 811 2960 quibus
835 2878 1003 2940 vindictam
1027 2887 1058 2940 et

171 2997 312 3059 guerram
335 3000 372 3042 ac
394 2980 508 3043 bellum
531 2982 694 3046 abhorrere
717 2979 842 3054 videris,
872 2999 931 3041 non
954 2987 1058 3042 tamen
1123 2967 1128 2980 ⁸

118 3090 155 3145 25
172 3080 272 3141 adbuc
296 3080 368 3142 mihi
391 3080 527 3144 tribuisti
550 3082 721 3157 consilinm,
742 3080 823 3161 quod
844 3080 876 3142 in
898 3081 956 3143 hoc
979 3101 1058 3161 neg·

174 3181 236 3245 otio
260 3189 332 3244 ate
354 3184 539 3246 affectanter
560 3184 673 3246 habere
697 3182 849 3245 desidero.

200 3356 399 3416 animamur.
419 3353 492 3405 1-2.
509 3356 601 3415 Quinta
633 3356 735 3415 guntur]
754 3355 912 3414 Econuutur.
932 3354 971 3405 14.
991 3356 1060 3416 eunt]

174 3467 206 3478 -
221 3439 250 3489 'in
269 3443 307 3500 eo]
328 3455 375 3489 om.
396 3439 422 3488 G.
442 3442 465 3488 2.
483 3441 598 3500 maxime]
635 3440 732 3488 Betnt.
768 3440 807 3488 20.
834 3440 951 3500 veterent]
977 3441 1061 3488 Bua-

174 3526 234 3585 AD3
261 3527 291 3573 el.
312 3525 463 3573 maximum.
491 3524 514 3574 ³.
532 3525 600 3583 fugi·
635 3525 710 3572 kant.
754 3523 793 3572 21.
820 3526 911 3584 notari]
937 3524 1061 3572 Bncmi·

175 3610 277 3669 andum]
301 3609 364 3658 Bou
388 3609 539 3671 faciendum
558 3613 599 3656 ert.
633 3610 702 3656 nuri.
746 3608 785 3658 22.
814 3609 915 3668 multas]
940 3622 987 3656 om.
1012 3608 1061 3656 GE.

176 3698 200 3744 5.
218 3696 279 3754 qno]
298 3694 331 3754 B;
349 3696 380 3742 al.
398 3695 474 3755 quod.
497 3694 520 3742 6.
539 3706 601 3753 que·
631 3693 725 3753 justes]
744 3705 793 3741 cm.
812 3689 924 3740 namn.
962 3693 1001 3743 24.
1021 3694 1060 3753 uc]

175 3781 287 3843 propter]
323 3778 343 3826 B
382 3791 460 3845 quarn
491 3782 600 3838 propter.
636 3777 670 3837 B;
688 3779 718 3826 et.
737 3781 767 3824 et.
802 3778 940 3838 abhorrere]
960 3777 979 3824 B
998 3778 1061 3825 ubo·

177 3865 199 3911 Ἰ.
225 3863 355 3923 imitanda]
384 3863 403 3910 B
431 3863 602 3910 immittenda.
635 3876 696 3911 rere.
726 3861 728 3866 “
750 3862 850 3922 videris]
887 3862 907 3921 Ε
942 3863 1060 3910 videaris.

177 3949 200 3998 8.
227 3949 312 3997 leviter
341 3948 437 4008 curent]
464 3945 552 4007 codd.;
581 3945 602 3994 Θ
637 3947 677 3997 25.
695 3947 785 4006 adbuc]
804 3960 852 3994 cm.
871 3945 897 3992 Β.
941 3948 1061 4008 tribuisti]
1104 3957 1108 3966 '

176 4034 278 4091 lentur,-
301 4033 468 4080 Dcuruntur.
496 4031 534 4082 tu.
558 4044 602 4079 co·
637 4032 660 4079 D
676 4030 823 4079 retribuisti.
