3112 4966
482 439 541 500 102
677 447 743 490 car.
760 447 840 494 xuvr.
866 448 908 488 nn
922 445 1014 488 naurs
1029 446 1172 490 annnam.

262 603 467 698 ffljfflmss}
483 606 521 669 de
544 605 658 670 Amore
682 609 714 664 et
734 599 910 665 Dilectione
932 601 991 664 Dei
1014 608 1046 663 et
1062 601 1199 665 Proximi
1222 610 1255 664 et
1276 601 1371 664 Alia·
1396 602 1413 655 1

263 708 453 750 ‘immitti‘-
483 725 550 770 rum
577 706 691 768 Rerum
720 710 752 766 ct
780 705 818 766 de
845 705 959 766 Forma
986 702 1085 778 Vitae,
1119 705 1150 766 in
1181 705 1289 767 titulo:
1324 706 1374 768 De

483 805 690 889 Acquircndis
718 812 751 868 et
780 803 1009 870 Conservandis
1035 805 1170 884 Opibus,
1205 815 1238 868 et
1264 807 1295 868 in
1318 827 1374 870 se·
1396 807 1416 860 3

484 909 647 992 quentibus
671 916 802 987 quatuor
823 907 933 971 titulis.
1196 967 1198 972 ,
1554 983 1555 986 ¹

569 1010 638 1090 Hijs
671 1009 775 1090 itaque
808 1009 925 1071 notatis
958 1018 990 1071 et
1023 1009 1186 1090 diligenter
1218 1009 1416 1091 inspectis5
1483 1069 1486 1074 .

486 1111 569 1175 circo
591 1110 715 1174 divitias
749 1117 780 1171 et
807 1118 1023 1191 paupertatem
1051 1118 1145 1192 atque
1174 1111 1378 1192 indigentiam

487 1222 519 1277 et
540 1211 760 1276 nenessitatem
776 1220 868 1292 atquc
891 1214 1057 1288 fortunam,
1081 1233 1142 1275 non
1161 1213 1289 1275 consulo
1306 1214 1376 1290 tibi,
1398 1214 1415 1268 7

489 1315 574 1378 utin
604 1313 719 1377 divitiis
747 1313 836 1375 nimis
865 1315 1015 1390 confidas,
1048 1334 1105 1378 nec
1134 1309 1188 1378 ea's
1210 1315 1242 1376 in
1264 1334 1379 1396 guerra

488 1417 632 1480 iacienda
653 1434 828 1479 consumas.
888 1493 890 1500 Α
1399 1419 1417 1473 9

794 1736 933 1803 CAPUT
953 1737 1071 1804 XLVI.

772 1890 819 1958 Ite
839 1891 931 1960 italie
952 1891 1096 1962 Ouarna.

558 2046 758 2112 Nullaeenim
774 2067 849 2129 opes
865 2048 915 2112 vel
934 2049 1048 2112 divitiae
1063 2050 1237 2130 sumptibus
1249 2069 1379 2131 guerrae,

493 2168 560 2212 meo
575 2149 713 2224 arbitrio,
737 2158 810 2212 sunt
831 2149 1037 2225 sufficientem
1061 2170 1132 2213 narn
1156 2151 1235 2214 dixit
1256 2154 1382 2234 qnidam
1399 2152 1433 2205 11

493 2251 712 2332 philosophus:
751 2252 850 2313 Nemo
884 2251 915 2313 in
945 2271 1055 2332 guerre
1084 2254 1271 2316 constitutus
1302 2257 1382 2318 satis

494 2353 581 2415 dives
600 2372 669 2415 esse
682 2360 798 2434 potest.
833 2352 1110 2434 Quantumcunque
1134 2355 1214 2417 enim
1237 2357 1278 2418 sit
1289 2357 1381 2419 homo
1400 2357 1434 2410 13

495 2455 592 2530 dives,
616 2461 740 2536 oportet
761 2453 858 2530 iilum,
887 2455 914 2517 si
935 2455 966 2517 in
989 2474 1100 2535 guerra
1122 2457 1174 2519 diu
1195 2477 1382 2538 persevera-

494 2555 585 2631 verit,
608 2563 662 2617 ant
684 2554 809 2618 divitias
832 2562 886 2618 aut
904 2575 1044 2636 guerram
1061 2559 1203 2638 perdere,
1225 2567 1280 2622 aut
1302 2561 1383 2622 forte
1402 2559 1437 2614 15

495 2666 656 2738 utrumque
686 2655 776 2719 simul
804 2664 836 2719 et
868 2677 1043 2739 personam.
1099 2659 1134 2722 si
1157 2661 1237 2723 enim
1265 2681 1385 2742 pauper

497 2766 557 2832 est,
580 2776 721 2838 guerram
742 2759 825 2820 nulio
848 2759 938 2822 modo
962 2761 1114 2823 sustinere
1137 2769 1258 2841 potest;
1282 2763 1308 2824 si
1333 2763 1383 2825 di·
1401 2763 1435 2816 li

386 2913 390 2919 .
496 2858 579 2921 vitiis
595 2860 722 2921 muitum
738 2861 907 2936 habundat,
929 2861 961 2923 in
984 2863 1155 2943 sumptibus
1174 2864 1268 2926 multo
1284 2865 1383 2946 magis

495 2960 698 3022 habundabit.
720 2961 800 3023 Nam
819 2962 922 3024 sicut
940 2964 1049 3040 omnis,
1062 2965 1247 3045 qui'peccat,
1268 2975 1382 3045 quanto
1401 2967 1436 3020 19

497 3063 595 3142 major
609 3070 668 3136 est,
682 3062 830 3125 famosius
845 3065 959 3126 crimen
970 3066 1076 3141 habet,
1100 3067 1268 3128 secundnm
1281 3068 1391 3128 Mar-¹

498 3163 633 3226 tialem
656 3163 824 3226 dicentem:
1402 3170 1437 3223 ‘21

541 3351 564 3402 3.
592 3349 699 3413 Opibus]
726 3351 749 3398 D
777 3351 871 3410 Opibus
896 3354 926 3400 tn
958 3355 1036 3415 priori
1064 3361 1132 3418 parte
1154 3353 1241 3416 capitis
1266 3353 1385 3404 XXXIX.

499 3436 562 3484 libro
581 3439 678 3496 quarto.
711 3433 734 3484 5.
753 3440 778 3483 ct
795 3435 925 3496 diiigenter
957 3437 1013 3485 libri
1032 3439 1070 3486 Dc
1087 3438 1179 3486 Amore
1202 3443 1225 3486 ct
1246 3439 1387 3487 Dilectione

498 3521 628 3582 inspectis]
648 3521 677 3568 A.
702 3520 726 3568 e.
744 3523 924 3583 paupertatem]
959 3522 1008 3570 Det
1022 3528 1079 3572 cett.
1104 3521 1189 3584 (Delta
1206 3523 1301 3570 Formo
1319 3524 1386 3571 delia

499 3605 521 3653 D
541 3608 709 3664 paupertates.
751 3606 923 3668 indigentiam]
959 3603 1386 3670 onestaVita(N)p.94.)13.cnim]

500 3689 522 3738 Ι)
544 3688 716 3749 indigentiam
743 3695 766 3738 et
784 3697 924 3751 pauperta-
960 3704 1008 3738 orn.
1026 3691 1057 3738 D.
1072 3687 1116 3745 ,18'¹
1134 3692 1272 3751 sustinere]
1285 3691 1387 3739 Banbo-

500 3779 557 3822 tcm.
601 3773 624 3824 8.
651 3775 736 3836 nimis]
764 3776 787 3824 D
809 3779 926 3826 multum.
962 3777 1048 3827 tinere.
1098 3777 1137 3828 19.
1164 3775 1326 3837 habundabit]
1351 3776 1385 3836 133

500 3859 927 3922 8-9·gusrrstaciends]Bprrerro
961 3861 992 3908 al.
1014 3860 1153 3908 habundat.
1197 3862 1271 3920 sicut]
1291 3873 1339 3908 om.
1358 3861 1388 3908 Ε.

499 3945 632 4006 focieodm·
658 3943 698 3992 OE
720 3959 836 4004 cucurum
858 3947 935 4009 facte
961 3946 1053 4005 omnis]
1072 3958 1120 3993 orn.
1140 3941 1206 3994 ΑἸ).
1225 3945 1265 3995 20.
1284 3944 1388 3994 Mortis·

501 4028 573 4077 endo.
601 4054 633 4064 -
665 4027 725 4090 cap.
751 4029 839 4077 XLVI.
873 4030 928 4079 Hoc
959 4031 1018 4090 lem]
1038 4031 1057 4078 B
1075 4029 1239 4089 Maiestatem
1262 4026 1297 4078 A¹
1315 4029 1388 4077 Mar-

501 4120 583 4177 caput‚
602 4113 669 4176 quod
686 4113 861 4163 omisit'rersio
876 4115 926 4163 ita·
961 4129 1031 4174 στεπη
1050 4116 1192 4175 tiberiano,
1210 4115 1284 4162 Delta
1293 4115 1389 4162 Forma

501 4201 549 4248 lica
567 4199 652 4262 (Delta
664 4198 873 4248 Ooarctortoncc
891 4193 927 4248 dc'
961 4191 1104 4248 dstt'oncstu
1135 4200 1194 4248 Vita
1221 4199 1276 4262 (N),
1294 4215 1318 4263 p.
1341 4200 1384 4252 et:

504 4283 615 4345 Oomipti
624 4299 647 4346 p.
660 4282 729 4345 196),
747 4285 860 4344 congruit
871 4297 927 4333 cum
961 4283 1091 4334 quenale.
