3150 4982
501 407 540 466 38
655 417 720 460 ose.
735 418 800 456 1111.
827 417 868 458 nn
884 414 1072 458 ourrnrrnun
1085 417 1231 461 vrrsuns.

283 569 485 672 f'gffifflssssfflg
587 570 710 634 Sexte
739 573 869 654 denique
902 571 1022 635 ratione
1053 572 1232 653 “cupiditas
1267 570 1425 635 omninol

286 673 488 773 ffl‘ffl‘gp
504 673 535 736 in
565 673 704 735 omnibus
739 676 870 754 negotiis
901 676 1101 755 omnibusque
1135 675 1256 736 notibus
1289 693 1391 736 remo-

288 775 487 866 ffifflflgessf
506 775 607 837 vende
628 783 678 836 est
700 783 792 856 etque
815 777 978 857 fugiende,
1007 785 1039 838 et
1060 777 1130 856 igne
1153 796 1190 838 ec
1213 777 1295 838 ferro
1318 775 1429 838 suc-3

289 877 348 916 Μ’*
506 877 648 950 cidendn‚
670 885 798 957 totoque
820 878 950 940 artificio
974 879 1170 958 separande”
1192 886 1321 958 propter
1342 879 1393 938 in-

506 979 683 1042 firmitatem
712 978 869 1042 vitandam
897 981 1047 1055 mexime3
1081 1000 1152 1042 nem
1183 984 1209 1044 si
1240 979 1432 1063 cupiditas5

505 1084 595 1144 finem
618 1083 772 1161 quaerendi
801 1101 861 1144 non
883 1083 1046 1159 invenerit,
1075 1092 1110 1146 nt
1132 1084 1247 1148 dictum
1271 1093 1330 1160 est,
1352 1085 1394 1148 il-

504 1186 566 1249 lem
588 1185 697 1246 merito
720 1186 824 1264 ingere
847 1186 952 1248 debes.
1009 1185 1167 1267 Scriptum
1190 1197 1240 1251 est
1262 1188 1342 1251 enim
1364 1183 1430 1249 ini

507 1285 675 1365 Didnscslo
698 1286 886 1366 Hugonis,
918 1288 949 1350 in
980 1289 1070 1351 titulo
1095 1287 1257 1358 Quomodo
1281 1290 1324 1352 sit
1345 1290 1395 1352 le·

290 1469 427 1521 modes
451 1471 478 1512 w
509 1391 610 1470 gendo
631 1389 735 1450 divine
757 1391 919 1470 Scriptura
940 1391 980 1452 ed
1001 1389 1235 1455 correctionem
1255 1394 1396 1455 Morum:
1416 1388 1433 1440 9

291 1529 354 1618 imi
382 1522 496 1613 epm„
511 1491 606 1554 “Noli
628 1491 715 1572 sequi
736 1491 872 1568 infinitn;
906 1513 976 1557 nam
1004 1496 1056 1557 ubi
1078 1497 1148 1559 finis
1170 1515 1230 1558 non
1254 1504 1314 1571 est,
1343 1515 1396 1558 re·

314 1606 318 1615 .
356 1585 394 1623 ,c.
424 1607 429 1618 .

538 1715 559 1766 i.
574 1716 685 1774 omnino]
697 1727 744 1763 om.
756 1713 843 1765 AA'O.
861 1717 884 1767 3.
899 1723 936 1765 est
970 1721 1052 1779 gonis]
1071 1719 1137 1767 B-in
1151 1719 1280 1768 didascolo
1296 1721 1399 1781 uocum

511 1802 594 1862 etque]
613 1801 635 1849 D
653 1804 688 1848 cet
705 1803 735 1850 ct.
778 1802 801 1850 i.
824 1803 935 1862 totoque]
972 1804 991 1854 G
1018 1805 1118 1854 indicos
1141 1807 1282 1868 cononem
1318 1806 1341 1853 D
1369 1807 1400 1852 tn

512 1887 534 1934 D
553 1889 612 1934 toto.
648 1885 671 1934 8.
690 1886 716 1933 in
734 1885 864 1934 Dideeceio
881 1886 937 1935 Hu·
972 1885 1254 1950 conrecumbentes

580 2054 712 2106 *maron
736 2059 810 2107 Dum.
833 2059 950 2107 Maxima
974 2059 1130 2110 Bibliotheca
1153 2062 1260 2108 Petrum
1284 2059 1312 2108 T.
1336 2059 1357 2106 X
1376 2075 1400 2123 p.

514 2142 570 2194 386.
583 2167 611 2177 -
624 2143 696 2191 wilt.
716 2142 806 2192 Buriei.
826 2145 881 2195 Lib.
900 2145 929 2192 de
952 2146 1011 2192 Vita
1028 2150 1052 2193 et
1062 2145 1174 2192 Moribus
1192 2145 1257 2192 Pbil.
1276 2159 1296 2192 c.
1316 2144 1399 2192 XVII:

513 2227 675 2289 Pptbnporoe.
703 2255 733 2263 -
758 2229 863 2277 Joannis
886 2228 1078 2278 saresberiensis
1100 2229 1266 2278 Poticroticue
1294 2230 1322 2277 L.
1341 2229 1402 2294 viri

513 2327 566 2374 cap.
595 2313 637 2362 lb:
665 2311 815 2360 Macrobioe,
859 2313 975 2362 biucrobti
1004 2315 1092 2374 Opere.
1110 2316 1210 2364 Recens.
1229 2315 1292 2363 Lud.
1318 2315 1401 2363 lenus.

515 2396 645 2458 Quodlinb.
669 2399 690 2444 tr
713 2397 962 2458 reipublice-52,
1005 2400 1061 2448 Vol.
1079 2400 1099 2459 l,
1122 2400 1216 2459 Proieg.
1236 2413 1259 2460 p.
1277 2399 1321 2448 LI:
1340 2399 1402 2447 “Vi-

515 2482 586 2530 detur
603 2487 683 2529 eutem
700 2481 808 2530 Joennes
830 2483 950 2541 integrius
972 2495 1044 2541 quem
1068 2497 1114 2532 nos
1138 2486 1253 2532 habuisse
1271 2486 1401 2546 exemplar.
1450 2505 1455 2514 ·

516 2566 586 2616 Gerte
604 2567 620 2613 i.
639 2565 705 2627 viii,
723 2579 743 2614 c.
763 2565 802 2616 ib.
820 2566 886 2628 apud
898 2580 952 2614 eum
963 2568 1077 2622 leguntur
1093 2570 1156 2618 hec:
1175 2568 1318 2628 “Fugiende
1335 2575 1401 2628 sunt,

515 2651 599 2711 inquit
617 2649 766 2709 Macrobius,
790 2653 904 2698 omnibus
923 2651 1002 2699 modis
1020 2645 1098 2714 cett.’',
1121 2666 1174 2712 quae
1196 2655 1290 2702 tmstrn
1312 2654 1401 2712 quaesi-

515 2736 578 2782 reris
600 2733 666 2795 opud
687 2727 858 2782 Macrobium”.
882 2761 913 2771 -
937 2735 961 2784 S.
986 2735 1129 2795 Hieronymi
1153 2737 1245 2798 Opera,
1272 2737 1356 2785 studio
1374 2751 1401 2784 ec

515 2820 598 2867 labore
620 2819 650 2864 D.
676 2817 732 2865 Job.
752 2817 893 2876 Mertieuny.
934 2821 1011 2868 Puris.
1032 2820 1104 2880 1706,
1126 2822 1177 2882 iob,
1201 2822 1228 2869 Τ,
1252 2822 1295 2881 lv,
1318 2824 1345 2870 P.
1370 2822 1400 2878 ΙΙ,

455 2925 457 2930 ⁴
516 2904 562 2952 col.
585 2901 650 2959 4692,
672 2901 737 2950 “...
760 2901 901 2961 Pythegorre
924 2891 1056 2953 auditores⁴
1085 2906 1196 2964 Quorum
1215 2895 1356 2968 Archippus
1375 2920 1402 2953 ec

516 2985 618 3045 Lysides
635 2987 661 3033 in
680 2985 778 3042 Grecis.
806 2986 892 3048 idest,
919 2989 1009 3036 Thebis
1031 2990 1127 3038 scholas
1150 2990 1263 3048 habuere,
1290 2991 1332 3048 qui
1350 3004 1402 3036 rno-

516 3072 616 3118 moriter
633 3076 742 3117 tenentes
760 3076 880 3131 precepto
904 3071 1025 3133 doctoris,
1056 3075 1155 3132 ingenio
1180 3087 1225 3134 pro
1251 3075 1320 3122 libris
1347 3081 1403 3122 ute-

516 3157 617 3214 bantur,
635 3169 648 3200 e
666 3155 755 3212 quibus
772 3153 836 3201 illud
854 3157 906 3202 est:
937 3153 1123 3224 Φογαοῐεοοὲον
1145 3153 1217 3230 πάσῃ
1234 3159 1343 3231 μηχανῇ
1359 3159 1403 3208 καὶ

468 3239 471 3246 ’
517 3235 690 3306 περικοπτέον
707 3237 771 3305 adpo
789 3238 832 3286 καὶ
849 3234 951 3307 όοὸᾔρῳ
973 3240 1016 3288 καὶ
1033 3247 1168 3310 μηχαναῖς
1184 3248 1329 3305 maruciam,
1348 3234 1404 3291 ἄπο

516 3318 568 3395 μὲν
585 3318 706 3392 όοίματος
723 3317 813 3374 νόσον,
838 3315 894 3371 άπό
919 3319 952 3372 bt
975 3324 1065 3393 ψυχῆς
1089 3317 1223 3396 α’μαθίοιν,
1248 3326 1353 3390 κοιλίας
1370 3320 1402 3376 δέ

518 3398 687 3468 (ἀκολασίαν,
704 3401 814 3469 ,πόλεως
831 3401 863 3457 δὲ
887 3404 992 3467 ordorp,
1018 3410 1114 3471 οἰκίας)
1138 3405 1170 3459 δὲ
1188 3406 1402 3480 διχοφροόύνην,

518 3484 591 3562 ὁμοῦ
607 3484 639 3538 δὲ
657 3491 846 3561 πανομοτρίον.
882 3492 954 3550 Quod
968 3493 994 3539 in
1012 3493 1126 3558 Latinum
1145 3496 1180 3541 ite
1196 3507 1329 3556 possumus
1347 3507 1403 3544 ver·

518 3581 581 3622 tere:
607 3573 723 3640 Fugnude
740 3581 800 3622 sunt
822 3577 936 3624 omnibus
959 3569 1053 3624 modis''
1075 3584 1132 3627 cett.
1160 3581 1252 3628 Annot.
1281 3577 1403 3628 iohannis

428 3653 432 3664 ’
518 3659 664 3718 Mertienny:
687 3660 783 3707 “Verba
805 3662 874 3709 istaec
897 3659 979 3709 Graece
995 3662 1097 3710 Eresmo
1121 3678 1147 3712 nu
1166 3665 1275 3711 Mariano
1292 3666 1404 3722 ignoratn

518 3757 683 3808 prorsus...
710 3743 850 3793 Maluernnt
874 3746 912 3794 illi
939 3748 1018 3794 aliene
1039 3749 1137 3810 fingere,
1165 3754 1189 3796 et
1210 3750 1236 3796 in
1260 3755 1403 3797 contextum

518 3821 662 3888 Hieronymi
685 3829 813 3876 obtrudere
835 3832 912 3878 multe
930 3833 999 3892 false,
1027 3844 1099 3890 quem
1118 3833 1229 3892 diligenti
1246 3833 1404 3892 indagatione

517 3905 624 3972 genuine
645 3915 779 3960 restituere.
821 3915 848 3962 ln
871 3915 936 3964 hunc
958 3918 1033 3976 igitur
1055 3918 1156 3965 modum
1174 3919 1332 3980 deprevatum
1350 3918 1404 3966 edi·

519 3997 575 4046 dere
603 3997 789 4056 Hieronymum:
821 3997 953 4052 Φουκοέον
976 3998 1127 4052 παντάπασι
1149 4002 1192 4052 καὶ
1215 3995 1359 4053 ἐκκοπτέον
1381 4021 1403 4052 κ.

518 4100 537 4131 r.
556 4073 595 4130 b.”
614 4107 644 4114 -
663 4080 736 4129 Gonr.
759 4082 879 4146 Oreiiius,
901 4087 928 4133 in
952 4086 1085 4145 Ορωουὶοε
1110 4087 1253 4135 Groecomm
1276 4087 1405 4134 Sententi-

520 4167 576 4226 oste,
599 4166 690 4227 Lipsius
716 4166 787 4228 isio,
814 4169 841 4242 Τ.
865 4168 884 4230 1,
907 4185 931 4232 p.
954 4171 1002 4230 it,
1020 4172 1150 4220 lectionem
1172 4171 1340 4220 Eresmisuem
1363 4184 1403 4218 ee·

519 4255 653 4298 cutus-est.
