3150 4982
545 399 564 458 2
675 409 741 453 ese.
756 411 774 451 1
806 409 975 452 annuentis
989 411 1020 453 nu
1034 407 1173 454 eunoun
1186 409 1319 452 usuram,

1562 4 1563 50 l

1562 51 1563 102 l

1562 103 1563 200 l

898 633 1036 698 curun
1057 636 1082 698 1.
1256 707 1259 716 ,

707 786 892 874 Exemplum
912 785 952 854 ln
972 787 1116 856 Persona
1137 787 1272 856 Melitei.
1559 741 1563 934 ἱ

631 943 792 1015 Quidam
780 944 914 1024 Juvenis,
938 945 1136 1006 Melibeus
1155 946 1288 1020 nomine,
1305 946 1352 1008 vir
1370 966 1434 1027 po·
1454 949 1469 1002 1

545 1055 615 1108 tens
649 1055 681 1107 et
713 1045 815 1120 dives,
846 1045 1021 1125 relinquens
1054 1065 1181 1108 uxorem
1215 1053 1246 1108 et
1278 1046 1412 1108 filiam'
1403 1069 1435 1109 rn

546 1149 656 1222 doure,
679 1167 756 1228 quas
783 1147 911 1210 multum
940 1147 1098 1227 diligebat,
1133 1147 1238 1210 clause
1268 1149 1347 1210 ostio
1371 1149 1433 1210 do·
1452 1153 1469 1206 3

545 1269 623 1324 mus,
646 1249 702 1311 ivit
724 1248 902 1328 spatiatum.
937 1249 1013 1310 Tres
1037 1268 1109 1311 vero
1133 1248 1179 1310 sui
1201 1250 1293 1312 vicini
1316 1259 1349 1311 et
1370 1252 1434 1312 ho-

546 1358 612 1413 stes
635 1350 752 1430 antiqui
774 1350 832 1412 hee
853 1350 1005 1425 videntes,
1029 1350 1181 1430 appositis
1205 1351 1300 1414 scalis
1322 1372 1358 1414 ae
1378 1356 1470 1432 per5

546 1454 700 1516 fenestras
723 1451 830 1514 demus
848 1452 1012 1527 intrantes,
1036 1471 1162 1514 uxorem
1178 1453 1314 1528 Melissi,
1337 1454 1434 1515 Pru-

547 1553 717 1616 dentiam
740 1553 872 1628 nomine,
895 1554 1136 1615 verberaverunt
1152 1553 1274 1616 sortiter
1296 1563 1338 1630 et,
1360 1555 1469 1630 filiaeu

547 1656 614 1736 ejus
636 1655 736 1736 plagis
760 1654 891 1736 quinque
914 1653 1077 1734 appositis,
1101 1654 1246 1717 videlieet
1268 1655 1299 1717 in
1321 1655 1434 1730 oeulis,
1562 1724 1563 1733 ἶ

547 1756 682 1831 auribus,
706 1775 758 1817 ora
781 1764 814 1817 et
834 1775 910 1818 naso
934 1775 970 1816 ae
993 1755 1144 1831 manibus,
1167 1756 1311 1837 illamque
1335 1757 1433 1819 semi·
1454 1760 1472 1812 9
1562 1783 1563 1852 ι

545 1859 647 1921 vivam
669 1857 889 1937 relinquentes,
912 1856 1063 1919 abierunt.
1562 1853 1563 1876 l

629 2060 826 2123 Melibeus
854 2079 927 2122 vero
955 2066 1028 2139 post
1050 2061 1171 2122 modum
1194 2079 1347 2135 reversus,
1372 2061 1432 2124 hoe
1454 2063 1486 2116 11

548 2163 656 2225 videns
687 2159 782 2242 eoepit
810 2179 919 2248 magne
954 2161 1081 2240 planctu
1111 2161 1211 2224 flendo
1240 2181 1345 2224 eomas
1375 2162 1436 2224 sibi

549 2262 697 2327 dilaniare
720 2269 885 2342 vestesque
909 2281 981 2324 suas
1005 2261 1092 2343 quasi
1113 2281 1197 2324 more
1221 2263 1327 2325 furiosi
1350 2263 1435 2324 dila·
1455 2266 1488 2320 13

548 2384 665 2428 serare.
709 2363 795 2426 Uxor
817 2370 919 2424 autem
938 2364 1004 2443 jam
1028 2364 1123 2438 dieta,
1146 2372 1180 2425 ut
1201 2371 1332 2438 taceret,
1363 2383 1433 2425 uoe-

546 2464 593 2546 pit
612 2466 698 2527 illum
719 2464 873 2526 instanter
895 2483 1080 2528 ammonere.
1134 2464 1191 2526 Ille
1212 2483 1285 2526 vere
1309 2484 1435 2546 semper
1453 2467 1486 2522 15
1562 2443 1563 2506 ἶ

545 2567 615 2646 plus
638 2566 794 2628 clamabat
802 2584 811 2639 ;
845 2564 959 2626 atille
986 2564 1106 2628 distulit
1133 2565 1354 2646 aliquantulum
1377 2587 1433 2628 re·
1562 2639 1563 2648 ἵ

545 2667 675 2730 cordata
697 2667 734 2728 de
757 2667 850 2729 verbo
872 2665 1020 2741 Ovidii,
1051 2667 1099 2728 De
1121 2667 1270 2730 Remedio
1293 2667 1433 2742 Amoris,
1454 2669 1486 2725 17

543 2769 594 2850 qui
617 2767 713 2830 dixit:
1562 2752 1563 2771 ¹

325 2937 526 3030 ξζὲᾱᾙῇᾑὶῑζ
586 2944 652 3008 Quis
674 2949 797 3028 matrem,
819 2941 870 2996 nisi
891 2942 988 2997 mentis
1010 2943 1097 3015 inops,
1120 2944 1147 2998 in
1168 2945 1262 2998 funere
1283 2943 1341 2998 nati
1453 2940 1488 2992 19

327 3041 346 3086 ¹·
362 3050 384 3081 '-
399 3041 493 3080 ¹²⁷-³⁰·
648 3045 724 3099 Flere
745 3047 838 3098 uetat?
858 3061 912 3096 non
933 3045 984 3098 hoe
1006 3045 1053 3100 illa
1073 3049 1205 3100 monenda
1224 3048 1282 3099 loeo
1303 3052 1356 3099 est.

587 3147 654 3202 Cum
676 3145 778 3199 dederit
799 3145 922 3199 lacrimas
945 3146 1114 3219 animumque
1135 3147 1285 3219 impleverit
1306 3164 1421 3218 aegrum,
1452 3141 1487 3195 21

1562 3232 1563 3292 l

648 3248 697 3302 Ille
719 3247 795 3301 dolor
815 3246 902 3302 verbis
924 3250 1116 3304 emoderandus
1138 3249 1197 3303 erit.

578 3443 840 3504 austrasiorum.
882 3445 969 3493 ndo-
1004 3447 1043 3498 15.
1070 3447 1218 3505 ammonere]
1250 3445 1273 3492 D
1304 3456 1435 3492 amouere

544 3532 609 3590 mus]
629 3543 677 3578 om.
694 3529 726 3579 D.
766 3529 788 3578 l.
812 3529 878 3588 filla]
869 3529 968 3592 ]Bfi-
1002 3544 1098 3593 semper
1115 3530 1183 3592 plus]
1208 3529 1305 3590 Bplus
1326 3543 1433 3588 semper.

543 3617 614 3663 liam.
655 3614 678 3664 8.
701 3613 790 3673 oeulis]
809 3613 831 3660 D
850 3614 929 3662 ocare
946 3615 969 3660 et
1005 3614 1042 3669 18
1061 3615 1135 3674 dixit]
1154 3613 1198 3663 Am
1216 3613 1286 3663 dicit
1319 3613 1359 3665 20.
1378 3601 1431 3661 non

543 3713 598 3747 aar.
626 3697 649 3748 9.
668 3698 718 3756 ore]
738 3711 785 3746 om.
803 3698 835 3746 D.
856 3697 892 3746 ll.
912 3711 968 3746 varo
1001 3700 1049 3748 hoe
1066 3699 1109 3747 illa
1126 3698 1248 3748 monenda
1266 3700 1319 3748 loco
1338 3699 1386 3757 est]
1405 3699 1432 3745 A
1562 3711 1563 3770 i

542 3781 726 3846 postmodum]
745 3777 823 3829 A²0u
836 3785 894 3840 post
910 3795 967 3828 mo·
1001 3796 1050 3838 om.
1068 3787 1115 3845 αις
1134 3783 1153 3830 Β
1171 3796 1224 3831 aaa
1235 3783 1280 3830 hoe
1294 3786 1329 3829 est
1346 3783 1362 3830 l.
1380 3782 1432 3829 illa
1562 3777 1563 3780 ’

543 3867 605 3915 dum
622 3879 693 3925 verm·
712 3866 801 3912 Deero
815 3865 902 3924 nmmo
921 3864 967 3911 de·
1000 3881 1050 3930 m.;
1072 3868 1094 3915 D
1116 3881 1160 3916 nec
1179 3869 1203 3916 li.
1222 3867 1237 3915 l.
1260 3867 1308 3914 illa
1331 3879 1364 3913 m.
1384 3870 1430 3913 aa.

541 3964 620 3998 mum.
639 3944 966 4007 teneraemondani.
1000 3951 1040 4001 22.
1067 3949 1254 4011 emoderandus]
1281 3951 1295 3998 I
1321 3950 1430 3998 αηιοᾱι.

544 4033 581 4084 13.
606 4033 676 4096 quasi
698 4046 730 4082 m.
753 4033 783 4091 t]
809 4045 856 4080 om.
879 4031 915 4092 A;
945 4031 965 4079 B
997 4035 1104 4096 randum
1122 4035 1228 4086 BCEFG
1243 4035 1431 4098 moderandua3

538 4117 640 4180 sartori.
687 4115 725 4166 ll.
749 4117 840 4176 autem]
859 4115 882 4164 A
899 4128 965 4164 vero.
998 4118 1021 4166 D
1038 4119 1227 4168 immoderatus.
