3150 4982
507 413 547 472 18
713 423 777 470 oue.
793 425 820 467 v.
849 425 890 466 nn
906 425 1011 470 neuun
1025 423 1196 468 unuuuuuu.

505 579 646 643 homines
676 579 823 659 adjuvare
853 581 975 663 illisque
1005 579 1166 643 consulere
1191 579 1316 641 debent.
1361 580 1440 641 Etl

505 682 584 744 bene
613 689 746 762 possunt
774 684 879 745 vocari
907 684 1052 746 mulieres
1082 681 1268 763 adjutorium
1297 688 1330 742 et
1358 681 1403 742 sic

506 802 562 865 per
591 784 845 863 consequentiam
876 785 1060 864 consilium,=
1088 803 1159 845 nam
1188 782 1253 844 sine
1285 783 1440 845 auxilio3

507 891 539 946 et
562 883 690 946 consilio
714 885 875 947 mulierum
898 887 1028 948 mundus
1053 886 1163 946 durare
1186 905 1247 947 non
1270 884 1401 947 valeret.

505 985 549 1046 Et
571 993 656 1046 certo
680 985 792 1047 malum
822 986 969 1049 auxilium
992 988 1078 1049 Deus
1105 986 1221 1048 homini
1251 977 1440 1060 dedissent>

507 1086 534 1148 si
557 1087 596 1148 ab
621 1086 665 1150 eis
689 1086 852 1148 eonsilium
875 1096 982 1168 petere
1006 1087 1128 1149 minime
1153 1088 1297 1162 deberet,
1334 1107 1403 1150 oum

506 1187 560 1248 vix
583 1206 673 1248 unum
697 1187 763 1248 sine
787 1188 886 1250 altero
909 1209 979 1250 esse
1003 1189 1113 1268 possit.
1423 1187 1438 1239 7

592 1289 728 1350 Tertia
758 1305 830 1350 vero
862 1289 941 1351 ratio
972 1290 1012 1350 ad
1042 1289 1100 1351 hoo
1124 1289 1296 1366 inducitur,
1332 1289 1404 1368 quia
1505 1279 1510 1294 ¹

507 1388 618 1452 mulier
632 1389 740 1450 molior
759 1398 809 1452 est
828 1409 902 1452 auro
922 1400 954 1452 et
968 1391 1072 1471 lapide
1093 1391 1229 1470 pretioso
1254 1398 1286 1451 et
1309 1392 1402 1452 etiam
1421 1389 1439 1442 9

507 1492 576 1572 ipso
600 1510 711 1566 sensu,
746 1497 778 1552 et
805 1491 872 1570 ejus
903 1511 1013 1554 sensus
1042 1493 1163 1554 acutior
1191 1501 1241 1552 est
1269 1500 1301 1553 et
1323 1492 1403 1554 alios

509 1598 688 1672 exsuperat,
712 1610 806 1670 quare
830 1610 886 1670 per
907 1609 1015 1654 versus
1040 1592 1101 1654 diei
1124 1593 1300 1654 consuevit:
1422 1592 1454 1645 11

551 1716 620 1778 Quid
642 1716 738 1770 melius
761 1721 844 1769 auro?
865 1715 967 1786 Jaspis.
1013 1695 1082 1779 Quid
1100 1716 1230 1786 jaspide?
1253 1717 1370 1770 SeusuS.

594 1817 664 1879 ouiu
688 1821 788 1870 sensu?
809 1817 916 1871 Mulier.
961 1818 1031 1880 Quid
1053 1818 1181 1871 nmuereo
1203 1803 1343 1872 uun.ox
1424 1811 1458 1864 13

595 1928 782 1999 Quartam
804 1948 876 1990 vero
895 1931 1046 2016 rationem
1064 1932 1104 1992 ad
1124 1932 1182 1992 hoc
1199 1929 1319 1991 inducit
1336 1930 1403 1992 Se-

511 2049 623 2104 neoo,
658 2030 877 2092 commendans
908 2051 1001 2110 super
1024 2033 1126 2094 omnia
1152 2031 1302 2110 benignas
1326 2051 1404 2093 oon·
1423 2030 1457 2082 15

289 2119 493 2215 nuuoeffffiffll]
509 2131 619 2211 juges3
649 2131 694 2193 ait
723 2132 819 2192 onim:
854 2131 969 2193 “Siout
997 2132 1073 2193 nihil
1103 2139 1153 2192 est
1180 2131 1322 2211 superius
1345 2133 1403 2193 be-

289 2171 392 2262 W„

294 2309 295 2314 ,
315 2283 368 2336 22

514 2233 607 2312 digno
629 2232 771 2311 conjuge,
794 2231 840 2292 ita
862 2232 936 2293 nihil
961 2243 1009 2296 est
1032 2233 1187 2295 crudelius
1199 2233 1315 2295 infesto
1336 2253 1406 2295 mu·
1426 2232 1459 2284 17

514 2333 600 2394 lione.
638 2332 763 2404 Quanto
788 2333 867 2393 enim
892 2335 1017 2413 sapiens
1041 2335 1136 2396 vitam
1161 2354 1248 2395 suam
1271 2354 1327 2414 pro
1350 2333 1408 2394 viri

514 2434 614 2495 salute
639 2434 783 2514 opponit,
815 2441 903 2495 tanto
926 2436 1061 2514 maligno
1088 2433 1127 2494 ad
1152 2433 1253 2496 inoliti
1276 2443 1404 2495 mortem
1424 2433 1457 2486 19

512 2534 605 2595 etiam
629 2535 723 2596 vitam
748 2553 834 2596 suam
858 2536 1015 2613 reputat”.

546 2689 569 2736 3.
594 2689 805 2749 consequentium]
834 2688 856 2734 Α
880 2702 941 2735 coo·
974 2703 1048 2735 sensu
1066 2689 1135 2749 quid.
1180 2690 1217 2738 15.
1236 2690 1365 2748 bouignuo]
1383 2689 1405 2734 A

512 2783 622 2832 ecquem.
664 2772 807 2830 consilinm]
832 2785 880 2820 oni.
905 2772 940 2834 D3
976 2772 1055 2820 bonae
1082 2774 1199 2821 mulieres
1225 2776 1249 2820 et
1274 2772 1404 2832 deniquae.

512 2855 532 2904 G
559 2868 608 2903 om.
636 2859 659 2902 et
684 2857 721 2903 oio
748 2878 778 2890 -
795 2857 940 2907 consilium.
979 2857 1017 2906 lo.
1045 2859 1172 2918 superius]
1197 2858 1219 2904 Α
1240 2871 1259 2905 o.
1284 2860 1308 2905 ot
1333 2855 1403 2902 beni-

512 2941 536 2990 ’1.
554 2941 643 2998 unum]
667 2939 690 2987 D
714 2954 787 2988 unos.
816 2943 894 3000 ωε]
919 2942 940 2989 D
976 2943 1051 3002 yolus
1069 2943 1135 2988 botua
1153 2945 1184 2991 cl.
1210 2939 1318 2991 18-19.
1336 2940 1405 3000 oapi-

511 3025 602 3072 viom.
628 3026 719 3086 possit]
739 3026 832 3073 A'non
847 3029 941 3084 potem
976 3027 1188 3088 ono-opponit]
1209 3024 1342 3084 Oouptcm
1357 3037 1404 3083 pro

511 3109 531 3156 E
547 3109 654 3168 poterin
673 3111 787 3170 sequitur
804 3111 941 3171 interpola·
965 3112 1028 3158 virt
1044 3112 1086 3158 out
1103 3112 1185 3158 solute
1207 3123 1282 3156 suom
1300 3109 1405 3166 obponit

510 3190 547 3239 tio
564 3193 590 3238 iu
609 3191 693 3240 oodioo
710 3191 754 3241 A².
796 3194 819 3244 8.
838 3195 869 3242 ed
884 3196 941 3255 hoo]
977 3197 1094 3242 unimam
1115 3195 1226 3254 pionert.
1272 3194 1309 3243 19.
1334 3197 1404 3240 tauto

511 3290 558 3324 om.
566 3275 595 3324 B.
607 3276 646 3326 10.
657 3279 762 3336 acutior]
769 3277 812 3326 BD
820 3280 940 3326 devotior.
977 3279 1093 3338 maligno]
1113 3280 1135 3325 A
1148 3282 1221 3325 tanta
1232 3278 1403 3338 malionitote.

513 3360 551 3411 11.
584 3363 726 3422 exsuperat]
760 3362 783 3410 D
814 3367 940 3422 exuperat.
975 3362 1006 3410 od
1030 3363 1111 3410 mariti
1134 3364 1248 3421 mortem]
1273 3363 1351 3420 lpro
1368 3374 1404 3409 m.

511 3443 551 3495 1².
569 3446 658 3494 molius
676 3448 745 3505 euro]
765 3447 787 3494 D
806 3460 870 3494 auro
887 3461 941 3494 me·
975 3451 1062 3494 morte.
1101 3447 1139 3494 20.
1157 3447 1266 3508 reputat]
1285 3447 1307 3492 A
1325 3446 1403 3504 repli-

510 3531 569 3578 tone.
614 3528 653 3578 1³.
680 3530 747 3590 Quid
770 3534 856 3591 sensu]
886 3531 940 3580 GlL
974 3534 1029 3588 σαῖς
1048 3529 1068 3578 0
1086 3533 1186 3589 reputat
1202 3531 1288 3581 nihili.

579 3645 716 3697 *Ebrardi
735 3649 887 3698 Bitunieuoio
914 3649 1062 3697 Graecumue
1085 3662 1141 3698 oum
1164 3661 1252 3697 comm.
1276 3647 1402 3696 vincentii

509 3735 633 3795 Motulini,
652 3747 671 3782 s.
690 3734 706 3781 l.
725 3738 750 3781 et
767 3748 798 3794 a„
817 3734 834 3781 1,
855 3733 907 3781 01
922 3747 1005 3784 verso:

577 3819 644 3879 Quid
661 3818 749 3865 molius
768 3821 844 3865 euro?
862 3817 955 3878 Jaspis.
991 3819 1057 3877 Quid
1072 3818 1187 3880 jaspide?
1207 3817 1308 3866 Sensus.

645 3902 712 3962 Quid
730 3903 821 3949 seusu?
839 3901 919 3952 Ratio.
955 3901 1021 3961 Quid
1038 3903 1151 3950 rationo?
1169 3903 1245 3950 Deus.

508 3986 562 4036 Fol.
574 3988 603 4036 ,Ν
618 3987 650 4033 11
665 3992 745 4034 recto:
764 3984 854 4032 modos
871 3984 909 4032 vel
926 3987 1001 4032 Deus.
1090 3983 1123 4017 ²²*
1141 3987 1170 4034 Iu
1190 3985 1291 4033 wolteri
1303 3983 1402 4057 LBnrloii

508 4069 606 4118 Libello
624 4070 654 4118 dc
676 4071 735 4118 Vua
753 4076 777 4118 ot
794 4069 907 4116 Moribus
929 4069 1140 4130 Plitloeoplom’um
1164 4073 1187 4117 et
1203 4070 1347 4118 Poetarum.
1367 4069 1401 4129 (s.

507 4155 524 4202 l.
543 4160 567 4203 ot
585 4169 606 4202 a.
643 4152 701 4216 (lap.
721 4153 802 4214 XXX,
821 4155 865 4204 fol.
885 4155 901 4201 d
920 4155 941 4214 l,
960 4157 1039 4214 verso)
1062 4156 1113 4204 haec
1131 4155 1253 4202 sententio
1270 4155 1334 4200 tutor
1354 4151 1404 4198 So·

507 4240 585 4288 orato
603 4239 669 4287 dioto
685 4245 783 4302 receptu
799 4244 844 4287 est.
