3112 4966
216 464 283 507 one.
298 464 425 507 xxxvrrr.
457 463 498 506 on
512 462 713 512 onrarornror
730 462 785 505 nar
798 463 994 506 vononnnrn.
1027 453 1067 512 85

137 617 153 673 1
173 627 273 684 totum
295 618 461 681 humanum
484 635 580 698 genno
603 637 623 680 a
643 617 759 680 talibus
770 617 913 696 hostibus
935 633 980 681 ae‘
994 619 1066 699 pla·

173 722 220 803 gis
244 721 420 794 redimeret,
444 719 583 783 salvaret
605 728 698 800 atque
722 726 859 782 sanaret.

137 821 155 875 3
257 827 449 882 MELIBEUS
471 821 653 902 respondit:
697 821 789 883 Licet
810 820 873 882 alia
895 841 915 882 a
935 827 967 882 te
989 839 1065 900 pro-

173 925 240 985 lata
261 943 336 984 vera
358 924 421 985 siut
442 923 492 984 vel
514 922 710 998 verisimilia,
744 941 805 984 non
833 930 938 984 tamen
961 922 1065 996 or'odo,

136 1023 254 1106 5qnod
277 1024 421 1086 volontas
443 1023 503 1085 Dei
525 1023 628 1099 fuerit,
658 1032 694 1085 nt
719 1023 797 1086 talia
825 1023 978 1086 maleficia
1006 1023 1065 1084 de·

171 1128 283 1189 herent
304 1126 465 1189 committi.
510 1126 578 1187 Deo
607 1127 686 1188 enim
716 1126 823 1207 planet
849 1126 976 1206 ejusque
1005 1144 1064 1187 vo·

138 1227 276 1292 lluntas
300 1235 360 1303 est,
393 1235 428 1288 ut
455 1217 596 1290 homines
623 1229 702 1291 bene
732 1229 883 1310 faciant„
900 1247 957 1290 neo
987 1226 1066 1288 talia

171 1331 325 1394 maleficia
355 1328 563 1404 committant,
596 1339 631 1392 ut
664 1349 769 1394 omnen
803 1332 867 1393 lere
902 1329 1064 1411 scripturae

136 1431 153 1486 9
172 1432 283 1496 divinae
307 1433 454 1494 clamant.

256 1535 302 1598 At
322 1538 541 1594 PRUDEN'I'IA
562 1535 739 1616 respondit:

443 1805 584 1871 CAPUT
604 1807 793 1871 XXXVIII.

338 1957 385 2026 Do
407 1958 604 2046 tlnintnplioi
624 1959 683 2028 Ilei
703 1959 890 2029 voluntate.

116 2113 149 2169 11
173 2095 176 2098 ’
255 2113 450 2197 Quintnplex
472 2125 522 2179 est
545 2118 604 2180 Dei
631 2117 793 2179 voluntas:
825 2115 887 2178 alia
910 2114 991 2176 enim
1013 2121 1063 2176 eat

165 2217 369 2295 praeceptiva,
403 2217 467 2280 alia
498 2218 704 2298 prohibitIva,
738 2216 833 2279 tertia
865 2216 1062 2310 permissira,

113 2317 149 2370 13
167 2323 282 2395 quarta
320 2319 518 2395 eonanltiva,
564 2319 677 2400 quinta
705 2317 903 2398 completiva.
974 2316 1062 2378 Unde

167 2435 294 2478 Versus:

111 2572 148 2626 15
229 2572 359 2645 Pracipit
380 2582 409 2630 et
430 2578 567 2648 prohibet,
589 2580 733 2650 permittit,
756 2578 883 2640 considit,
905 2577 1010 2647 implet.
1082 2570 1285 2674 diidiffold⁰i¹fdf

166 2721 315 2802 Praecipit
348 2723 447 2798 enim,
487 2744 556 2787 oum
590 2726 686 2788 dicit:
730 2725 864 2806 “Dilige
899 2723 1063 2786 Dominum
1081 2729 1286 2820 {gap-¹3⁶3&-

19 2813 27 2828 ’
115 2823 150 2877 17
169 2824 270 2884 Deum
291 2831 377 2885 tuum
401 2844 440 2886 ex
462 2832 529 2888 toto
553 2828 646 2889 corde
668 2836 731 2904 tuo,
755 2834 787 2888 et
809 2845 849 2887 ex
871 2831 940 2887 tota
962 2821 1077 2885 anima
1185 2806 1192 2831 ’
1278 2808 1282 2817 ’

169 2930 235 2999 tua,
269 2932 301 2985 et
330 2944 369 2986 ex
402 2933 471 2988 tota
503 2923 606 2990 mente
633 2935 688 2988 tua
716 2933 748 2989 et
776 2925 949 3006 proximum
977 2933 1062 2986 tunm

117 3028 151 3080 19
170 3024 252 3086 sient
273 3032 306 3086 te
327 3026 469 3105 ipaom:''
502 3037 534 3089 et
561 3036 635 3090 tune
664 3036 713 3090 est
734 3027 977 3107 praeceptiva
1004 3025 1063 3086 Dei
1122 3094 1124 3098 .

170 3124 325 3188 voluntas.
370 3127 622 3190 Prohibitiva
643 3148 717 3191 vero
742 3135 801 3202 est,
826 3146 894 3189 eum
917 3127 1063 3207 prohibet

116 3230 149 3282 21
170 3226 286 3305 aliquid
320 3228 396 3302 fieri,
429 3236 464 3290 nt
492 3248 560 3290 enm
584 3229 676 3292 dioit:
722 3230 815 3290 “Non
846 3227 1062 3302 moechaberia
1080 3223 1172 3313 ξξῗξῗ*
1186 3223 1233 3270 ¹¹·
1245 3224 1270 3263 ¹⁴

170 3345 231 3388 non
254 3328 458 3405 adulterabis,
481 3349 543 3392 non
562 3331 675 3393 furtum
690 3329 809 3392 faoies'’
833 3336 865 3391 et
888 3336 994 3391 cetera
1016 3328 1063 3390 si·

117 3431 151 3486 23
170 3429 264 3490 milia.
316 3430 563 3493 Permissiva
585 3440 634 3494 est
661 3430 720 3493 Dei
742 3431 905 3506 voluntas,
941 3430 1062 3512 quando

170 3529 262 3593 alieni
284 3531 408 3611 indigno
438 3533 573 3612 denegat
601 3534 732 3612 gratiam
757 3551 855 3607 suam,
891 3531 1061 3593 avertendo

205 3700 226 3750 2.
246 3700 386 3760 redImeret]
398 3698 598 3749 A²Bredimeoa
633 3705 696 3751 alio.
739 3703 895 3764 permissivo]
918 3699 1065 3759 apramo-

170 3785 344 3845 &Molibenfl
361 3784 532 3836 BMetltbeua
557 3801 597 3834 ra·
633 3789 697 3836 elva.
724 3787 762 3838 13.
781 3786 938 3847 completiva]
957 3785 976 3832 B
994 3798 1063 3833 eom·

170 3871 283 3933 spondit]
308 3872 330 3918 D
352 3871 483 3930 respondit
506 3871 598 3920 dinone.
630 3872 754 3932 plentina,
786 3871 853 3918 inlm
880 3885 906 3931 p.
931 3869 970 3929 86,
998 3884 1020 3916 v.
1048 3870 1062 3918 8

170 3956 228 4016 alia]
255 3956 278 4003 D
305 3956 378 4002 oliae.
425 3956 531 4019 prolata]
559 3951 593 4002 A²
634 3956 775 4015 impletIvo.
820 3954 860 4003 20.
879 3955 946 4014 roro]
966 3966 1014 4001 om.
1032 3952 1063 4002 D.

166 4040 283 4100 probola.
325 4041 349 4091 5.
373 4040 499 4100 deberent]
519 4039 537 4086 B
556 4039 600 4086 de·
635 4041 675 4091 22.
693 4045 772 4089 oetera
795 4039 896 4098 similla]
922 4037 941 4085 B
965 4038 1064 4085 similia

171 4125 254 4172 beant.
299 4125 322 4175 6.
346 4125 472 4185 voluntas]
493 4123 536 4173 01)
553 4136 599 4171 oo·
634 4129 745 4175 eleutero.
765 4125 804 4175 24.
823 4124 908 4184 alloni]
925 4121 1063 4189 Boltputd.

170 4209 285 4256 lnotntia
324 4207 362 4258 ll.
390 4210 448 4270 alla]
468 4210 598 4270 Eprtma·
635 4211 776 4271 avertendo]
795 4208 815 4256 B
832 4206 991 4255 advertendo.

171 4296 248 4356 onim]
268 4306 316 4347 om.
339 4295 371 4344 D.
416 4293 455 4344 12.
477 4292 600 4354 tertia]D
