3112 4966
350 455 409 516 136
752 467 1016 512 cuninnnsnnins.

404 603 510 648 neuun.
1361 613 1430 654 une.

407 677 532 742 XXIV.
577 683 620 738 De
648 682 758 738 coneilio
786 685 848 740 meli
874 687 987 745 hominis
1016 689 1125 745 vitando
1146 696 1175 746 et
1197 696 1324 762 suspecto

574 785 698 840 habendo
721 825 1321 849 ....................
1388 792 1429 848 52

423 879 531 944 XXV.
575 887 619 944 De
651 888 760 942 vitando
792 889 902 943 consilio
923 891 1034 960 juvenis
1063 899 1093 946 et
1119 900 1246 965 suspecto
1272 895 1322 948 ha·

575 990 663 1044 bendo
686 1029 1320 1051 .....................
1388 992 1430 1050 53

408 1083 530 1148 XXVI.
574 1091 616 1144 De
638 1089 816 1146 examinando
838 1092 948 1147 consiliu
969 1095 996 1148 in
1016 1111 1116 1166 genere
1129 1136 1319 1152 .......
1388 1095 1431 1152 53

394 1185 531 1248 XXVII.
576 1191 690 1254 Quando
717 1191 854 1246 consilium
883 1185 919 1248 vsit
947 1199 1136 1252 assumendum
1158 1200 1201 1253 vel
1221 1215 1320 1270 appro-

575 1294 693 1348 bandum
715 1333 1319 1356 ....................
1387 1298 1429 1355 58

375 1387 528 1451 XXVIII.
574 1397 688 1458 Quando
709 1402 738 1449 et
759 1395 875 1466 qualiter
896 1399 1035 1454 consilium
1057 1401 1094 1454 sit
1103 1400 1290 1457 retinendum.
1313 1443 1319 1456 .
1390 1401 1426 1458 61

406 1490 531 1552 XXIX.
577 1498 689 1560 Quando
712 1497 851 1552 consilium
873 1499 915 1554 vel
934 1501 1094 1570 promissum
1111 1503 1199 1572 possit
1214 1503 1256 1557 vel
1274 1504 1319 1556 de·

575 1601 638 1652 beet
659 1599 756 1654 mutari
780 1637 1317 1658 ..................
1389 1605 1428 1661 61

392 1692 529 1755 ’ΧΧΧ.
573 1699 616 1753 De
637 1716 725 1754 errore
747 1699 850 1754 consilii
873 1740 1317 1759 ...............
1388 1706 1430 1762 64

405 1794 530 1856 XXXI.
575 1801 618 1854 De
640 1801 838 1856 examinatione
860 1803 961 1857 consilii
984 1805 1010 1858 in
1033 1806 1122 1874 specie
1158 1845 1318 1862 ......
1389 1808 1430 1864 66

389 1895 528 1960 XXXII.
573 1903 615 1956 De
636 1902 761 1957 custodie
782 1920 905 1973 personae
927 1903 954 1958 in
975 1921 1075 1976 guerre
1096 1907 1250 1961 constitutae
1281 1947 1319 1961 ..
1388 1907 1429 1964 69

370 1998 526 2060 XXXIII.
571 2003 614 2058 De
635 2003 755 2058 turribus
780 2043 1318 2063 ..................
1388 2010 1429 2065 72

370 2097 526 2160 XXXIV.
571 2105 614 2159 De
636 2106 764 2177 superbia
778 2145 1316 2165 ..................
1387 2109 1428 2166 73

385 2201 526 2262 XXXV.
570 2209 613 2260 De
635 2206 780 2261 munitione
814 2247 1321 2266 .................
1389 2212 1431 2268 74

1514 665 1517 716 Ι

374 2301 530 2364 XXXVl.
576 2311 649 2372 Quot
669 2309 754 2363 modis
777 2309 884 2364 dicetur
906 2311 965 2382 quis
988 2329 1068 2400 pcsse
1093 2351 1224 2365 .....
1240 2353 1255 2389 Ι.
1390 2312 1430 2369 78
1518 2305 1519 2332 ³

355 2403 526 2466 XXXVII.
572 2409 1317 2480 Superceuse......„„‚‚‚„‚2¹
1388 2414 1429 2471 32
1518 2419 1519 2460 3

342 2504 537 2570 XXXVIII..
574 2511 617 2565 De
638 2511 796 2582 quintuplici
818 2512 871 2565 Dei
892 2519 1030 2582 potestate
1061 2553 1320 2570 .........
1391 2515 1432 2572 85

370 2603 529 2666 XXXIX.
573 2611 616 2665 De
637 2612 725 2666 officio
743 2611 842 2681 judicis
865 2613 935 2666 circe
957 2613 1101 2668 vindictum
1131 2654 1326 2674 .......
1393 2617 1433 2673 86

458 2705 530 2767 XL.
574 2714 617 2766 De
639 2713 748 2766 fortune
782 2753 1322 2772 ..................
1389 2717 1428 2774 89

441 2807 527 2868 XLI.
572 2815 614 2867 De
636 2814 849 2869 contentionibus
874 2855 1318 2872 ...............
1385 2818 1426 2876 93

312 2907 319 2922 ’
426 2908 526 2972 XLII·
571 2917 614 2969 De
637 2915 770 2986 patientia
781 2954 1318 2974 ·················
1384 2919 1425 2977 93
1519 2885 1520 2932 i

408 3010 526 3071 XLIII.
570 3019 612 3071 De
634 3023 798 3087 paupertate
819 3023 848 3070 et
869 3017 967 3074 divitiis
1002 3059 1318 3076 ............
1385 3019 1425 3075 97

409 3112 526 3174 XLIV.
572 3119 614 3172 De
635 3117 819 3172 necessitate.
843 3157 849 3170 .
874 3157 880 3170 .
905 3158 911 3172 .
936 3159 942 3172 .
970 3149 1008 3174 ..·
1032 3158 1316 3176 ..........
1381 3119 1420 3174 99

423 3212 526 3275 XLV.
570 3220 614 3271 De
635 3219 807 3272 mendicitate
843 3259 1313 3279 ................
1359 3218 1420 3276 100

409 3314 527 3376 XLVI.
571 3322 614 3374 De
635 3321 712 3375 melis
734 3337 841 3391 guerrae
875 3361 1315 3378 ...............
1361 3319 1421 3376 102

393 3416 526 3477 XLVII.
571 3423 613 3476 De
636 3423 706 3476 bello
728 3423 838 3477 vitando
878 3441 908 3475 .⁴
909 3461 1319 3479 ..............
1366 3421 1428 3478 104

379 3516 527 3578 XLVIII.
573 3524 616 3578 De
637 3541 737 3597 guerre
758 3523 869 3578 vitanda
890 3541 939 3594 per
960 3523 1226 3578 reconciliationem.
1252 3566 1257 3578 .
1283 3565 1289 3578 .
1314 3565 1320 3578 .
1366 3523 1427 3579 106

396 3618 525 3680 XLIX.
571 3626 668 3687 Casus,
692 3625 788 3695 quibus
811 3623 882 3677 licite
904 3640 1027 3695 pugnare
1047 3642 1192 3696 possumus
1218 3669 1224 3682 .
1250 3665 1258 3679 .
1282 3665 1321 3680 ..
1366 3623 1428 3680 108

488 3721 525 3781 L.
569 3730 613 3781 Dc
636 3729 707 3781 bonu
733 3726 807 3779 sume
843 3764 1321 3787 ................
1367 3725 1430 3780 120

474 3823 527 3883 LI.
571 3830 614 3882 De
636 3826 778 3882 clementie
798 3833 828 3881 et
848 3827 951 3898 pietate
973 3833 1001 3881 et
1022 3828 1226 3882 misericordia.
1251 3869 1258 3884 .
1283 3867 1290 3882 .
1314 3868 1321 3883 .
1368 3826 1430 3882 123

568 3999 655 4051 Index
685 4034 1318 4053 .....................
1366 3993 1428 4050 129
