3112 4966
393 483 495 526 ereren
509 485 657 528 ruentes
672 481 839 527 eoesunos.
1000 477 1058 534 117

131 635 145 687 l
166 638 342 713 audientes,
376 650 460 720 post,
475 640 602 702 multam
631 641 860 722 indagationem
889 649 920 704 et
942 642 1057 723 praedi-

167 751 288 803 etenum
311 762 410 803 rerum
434 741 612 822 diligentem
644 743 920 820 examinationem,
951 743 1056 807 consi-

129 841 241 904 3lium
266 844 302 905 de
325 845 595 920 reconciliatione,
627 846 791 908 concordia
820 854 851 906 et
873 865 951 924 pace
974 846 1055 906 faci·

165 946 248 1006 enda
272 947 474 1008 laudaverunt
497 957 528 1008 et
549 948 733 1009 unanimiter
755 947 1014 1027 approbaverunt.

127 1045 161 1128 5Ι
244 1048 468 1110 ¹Prudentia
501 1048 559 1128 hiJs
594 1049 706 1110 auditis
741 1058 772 1110 et
806 1047 969 1126 diligenter
999 1068 1054 1110 cc-

111 1187 115 1195 ·
164 1137 268 1228 gnitis¹
284 1151 343 1210 ait:
369 1149 499 1230 Semper
520 1149 623 1211 audivi
646 1150 723 1211 dici:
759 1150 840 1229 quod
862 1149 940 1210 bene
963 1155 1054 1229 potes

128 1250 280 1327 llacere,
304 1253 365 1313 noli
394 1249 526 1324 differre,
555 1251 684 1332 ideoque
714 1251 851 1324 consulo,
888 1251 1054 1313 utstatim

163 1354 230 1427 fiat,
263 1353 344 1433 quod
367 1362 440 1432 post
460 1352 575 1415 multas
603 1372 705 1415 moras
736 1354 803 1414 fieri
825 1352 961 1414 deberet.
1012 1354 1055 1415 Et

124 1454 141 1506 9
161 1455 209 1516 sic
234 1455 271 1515 de
295 1473 447 1516 consensu
472 1453 604 1516 omnium
627 1455 712 1517 missi
732 1455 855 1515 fuerunt
877 1454 975 1515 nuntii
999 1474 1053 1517 sa-

160 1558 285 1638 pientes
308 1576 363 1636 pro
387 1555 574 1617 adversariis
596 1556 771 1636 praedictis,
805 1555 856 1635 qui
878 1555 938 1617 illis
962 1557 1052 1618 dixe·

108 1657 139 1710 ll
159 1666 249 1720 runt:
286 1667 328 1730 ot,
353 1658 379 1718 si
401 1658 507 1738 placet
528 1657 601 1732 illis,
631 1659 670 1719 ad
693 1659 854 1737 praefatam
879 1676 1051 1738 congrega·

159 1749 299 1832 tionem,
345 1779 440 1820 causa
473 1760 705 1839 compositionis
741 1768 833 1838 atque
867 1761 1052 1835 concordia,

107 1861 140 1914 13
159 1861 247 1922 nulla
276 1861 422 1922 dilatione
447 1861 595 1935 adhibita,
630 1881 697 1924 eum
717 1845 909 1940 juratoribus
932 1860 1051 1923 idoneis

157 1963 267 2024 venire
290 1983 349 2024 non
374 1970 574 2042 postponant.
620 1961 680 2034 Qui
703 1963 832 2040 benigne
856 1963 1049 2041 responden-

104 2064 137 2119 15
156 2072 211 2125 tes
240 2071 272 2125 et
300 2064 417 2144 gratias
446 2064 560 2126 nuntiis
591 2072 737 2144 agentes,
772 2072 957 2143 rogaverunt
985 2083 1051 2140 eor,

156 2173 196 2226 nt
223 2163 345 2225 domino
373 2165 544 2227 Melibeo
575 2167 701 2246 ejusque
733 2159 964 2244 congregationi
994 2185 1046 2227 re-

105 2269 137 2323 17
156 2267 288 2340 ferrent,
317 2285 351 2327 se
374 2266 480 2327 statim
504 2274 660 2341 venturos,
695 2275 726 2328 et
755 2285 857 2328 eornm
882 2266 1047 2346 praeceptis

157 2387 192 2429 se
217 2368 282 2428 fore
304 2367 334 2428 in
358 2368 496 2429 omnibus
521 2376 552 2428 et
574 2387 629 2448 per
647 2369 749 2430 omnia
763 2367 886 2429 obedire
908 2375 1046 2447 paratos.

107 2474 138 2527 19
244 2466 320 2530 Cum
343 2475 447 2530 entem
469 2469 572 2530 venire
587 2469 714 2544 vellent,
738 2483 937 2531 nnus'eorum
951 2468 1045 2530 dixit:

156 2569 324 2656 Faciamus
359 2578 390 2630 et
423 2589 479 2632 nos
516 2571 783 2650 congregationem
819 2588 979 2648 magnam,
1014 2579 1048 2631 ut

105 2677 137 2730 21
157 2689 227 2731 cnm
260 2671 375 2732 honore
411 2672 449 2732 ad
484 2669 553 2732 illos
575 2672 782 2734 accedamus.
850 2670 939 2733 Alius
972 2672 1059 2732 vero'
1098 2725 1099 2730 ,

157 2771 254 2832 dixit:
299 2772 366 2833 Hoc
390 2773 543 2847 faciendo,
571 2791 658 2834 mora
678 2774 794 2835 sactum
822 2779 961 2834 nostrum
984 2773 1045 2834 cito

106 2880 138 2934 23
156 2872 332 2952 impediret,
356 2892 425 2934 nam

155 3033 332 3103 Quaecunque
353 3049 446 3102 aequor
467 3033 560 3093 habet,
584 3050 751 3105 quaecunque
779 3033 898 3104 pericula
919 3035 1001 3089 tellus
1062 3013 1264 3114 ἓζίῗιιξξξῇζ

105 3133 138 3187 25
241 3134 307 3188 Tam
328 3135 417 3205 longae
439 3151 537 3188 causas
559 3134 682 3202 suspicor
702 3151 763 3188 esee
784 3152 883 3196 moran

155 3281 250 3344 qnare
274 3264 414 3339 consulo,'
436 3273 470 3326 ut
492 3265 557 3327 sine
581 3284 667 3331 mora
686 3265 746 3326 hcc
769 3263 931 3339 faciamus,
962 3267 1043 3346 quod

86 3370 137 3452 Ι27
156 3363 226 3425 aliis
249 3364 376 3444 placuit.
431 3367 474 3427 Et
502 3366 547 3428 ita
574 3368 680 3428 statim
711 3385 779 3428 cum
797 3367 987 3444 juratoribus
1011 3376 1043 3429 et

155 3463 265 3545 paucis
294 3464 362 3527 aliis
391 3468 501 3529 devote
530 3469 569 3529 ad
599 3467 714 3530 curiam
745 3467 858 3529 domini
880 3467 1043 3529 Melibei

104 3572 136 3626 29
155 3577 365 3629 accesserunt.

190 3723 212 3772 l.
230 3724 298 3784 post]
316 3723 336 3770 ll
355 3727 452 3782 preter.
479 3725 581 3784 indaga·
616 3724 702 3783 serrsu]
727 3723 749 3770 D
772 3734 853 3769 censo.
892 3723 928 3772 ll.
955 3729 991 3782 ut,
1009 3725 1042 3783 ei]

154 3807 257 3867 tionem]
286 3806 340 3868 Ba3
367 3808 397 3854 al.
421 3807 580 3868 indignatio·
616 3823 664 3857 om.
682 3809 712 3856 D.
753 3806 843 3868 placet]
862 3802 942 3854 All’ll
956 3808 1042 3866 ploce-

153 3905 218 3939 nem.
264 3891 286 3940 1.
313 3891 465 3952 diligentem]
485 3907 533 3942 om.
551 3895 579 3942 E.
614 3897 657 3942 ret.
688 3893 725 3942 ll.
743 3891 857 3950 benigne]
875 3887 910 3938 A²
929 3889 1042 3951 denigret·

154 3977 177 4027 3.
196 3978 267 4039 pace]
285 3978 307 4026 D
325 3979 414 4040 fecere.
433 3978 456 4026 l.
476 3983 499 4024 ct
515 3990 580 4025 unn·.
614 3982 672 4026 tate.
710 3977 747 4025 15.
768 3975 915 4035 agentes]'B
934 3974 1040 4023 redden·

153 4062 262 4121 nimiter]
282 4060 314 4119 B;
332 4061 363 4109 el.
379 4063 539 4110 unaminiter
548 4067 578 4110 et.
614 4067 648 4109 tec
665 4063 704 4108 cel
726 4063 834 4121 egenter.
873 4059 911 4110 tt.
938 4063 1041 4119 congre·

154 4145 176 4193 l.
195 4145 302 4206 differre]
321 4147 579 4209 seqniturinterpole-
613 4146 717 4207 gationi]
728 4146 749 4193 D
761 4144 916 4205 cognationi.
935 4143 975 4192 22.
993 4144 1040 4192 hoc

154 4231 233 4278 ticin
251 4229 304 4279 cod.
324 4226 366 4278 Αἱ
396 4231 418 4280 8.
438 4233 538 4292 multae]
550 4231 578 4282 Β,
613 4229 734 4280 faciendo.
761 4228 839 4289 mora]
858 4228 880 4276 D
899 4228 950 4276 hec
967 4241 1040 4276 moro

154 4313 262 4374 deberet]
289 4314 333 4362 BD
357 4313 433 4362 debet.
469 4317 491 4365 9.
518 4329 578 4365 con·
611 4309 1040 4378 faciendo;A²om.lrocsacimdo.
