3112 4966
483 1158 673 1221 CAPITUM
692 1151 858 1222 SERIES.

150 1397 257 1438 CAPUT·
947 1401 949 1405 ·
1062 1457 1064 1462 Δ
1142 1385 1209 1425 PAG.

222 1469 246 1527 Ι.
291 1471 456 1539 Exemplum
479 1468 505 1520 in
527 1481 644 1537 persono
662 1465 820 1518 MELIBEI
841 1504 1128 1519 ..........
1194 1461 1211 1517 2

211 1569 249 1628 Il.
295 1573 343 1624 De
366 1567 617 1622 consolatione
653 1604 1126 1620 ................
1194 1562 1212 1617 3

196 1669 250 1731 III.
295 1675 338 1726 De
361 1669 519 1741 improperio
541 1670 681 1724 mulierum
716 1705 1127 1724 ..............
1173 1664 1211 1718 12

198 1771 252 1831 IV.
297 1776 339 1826 De
362 1772 540 1825 excusatione
561 1771 699 1824 mulierum
714 1808 1128 1824 ..............
1175 1764 1212 1846 13

211 1872 250 1932 V.
295 1876 339 1927 De
360 1875 441 1927 laude
463 1872 602 1926 mulierum
621 1909 1128 1926 .................
1175 1867 1213 1922 16
1265 1885 1269 1896 ·

198 1973 253 2032 VI.
298 1978 341 2029 De
363 1973 507 2044 prudentia
529 2009 1129 2028 ....................
1175 1967 1215 2023 20

181 2074 250 2134 Vll.
296 2079 370 2138 Quol
391 2081 420 2127 et
442 2091 503 2145 quae
526 2075 580 2127 sint
602 2075 705 2144 speeies
728 2072 879 2144 prudentiae
903 2111 1128 2124 ........
1174 2069 1214 2125 20

167 2175 252 2236 VIII.
297 2180 339 2231 De
361 2179 467 2230 effectu·
481 2177 641 2252 prudenliae·
654 2211 1129 2228 ................
1175 2170 1211 2225 21

191 2277 248 2337 ΙΧ.
294 2281 432 2341 Quomodo
454 2277 610 2346 acquiratur
632 2276 776 2346 prudentia
810 2312 1129 2327 ...........
1175 2271 1214 2326 22

208 2379 250 2440 X.
295 2383 338 2433 De
361 2379 449 2432 studio
472 2384 501 2430 el
523 2379 652 2437 studioso,
683 2384 711 2430 et
733 2396 793 2448 quae
815 2376 869 2428 sint
889 2376 966 2428 utilia
987 2381 1016 2427 et
1038 2393 1130 2430 ueoes·
1174 2353 1176 2360 ‚

298 2481 369 2534 saria
392 2480 563 2533 studentibus
591 2519 602 2552 ,Ι
622 2515 1128 2531 .................
1174 2476 1214 2532 23

193 2579 252 2637 XI.
298 2584 347 2635 De
375 2581 526 2633 consilio
561 2617 1129 2633 ...................
1175 2578 1212 2632 29

178 2678 253 2737 XII.
298 2683 341 2733 De
363 2681 403 2733 iro
423 2681 534 2734 vitanda
555 2682 580 2734 in
603 2682 717 2756 consilii-s
748 2718 1128 2734 .............
1175 2675 1214 2734 33

164 2778 256 2838 XIII.
295 2783 342 2834 'De
365 2782 512 2850 eupiditate
534 2801 581 2835 seu
604 2785 744 2852 voluptate
766 2781 877 2836 vitanda
897 2781 923 2832 in
946 2781 1060 2834 consiliis
1093 2821 1098 2833 .
1124 2822 1130 2832 .
1175 2778 1213 2836 35

167 2879 258 2940 XIV.
302 2883 345 2934 De
368 2883 525 2936 festinantia
547 2884 658 2937 vitanda
678 2884 704 2936 in
727 2883 842 2936 consiliis
876 2921 1130 2935 .........
1175 2879 1246 2953 39,

61 2969 65 2974 ’
178 2979 253 3039 XV.
298 2985 341 3036 De
364 2990 466 3037 secreto
488 3003 538 3037 non
562 2987 728 3054 propalando
742 2984 791 3037 nisi
814 2989 925 3052 propter
942 2984 1130 3037 necessitatem

300 3091 328 3137 el
350 3085 493 3139 utilitatem
533 3124 1130 3139 ....................
1137 3067 1140 3074 ⁵
1175 3083 1216 3139 40

167 3181 256 3243 XVI.
299 3187 343 3238 De
363 3205 417 3240 non
439 3190 606 3240 ostendenda
628 3175 767 3240 voluntale
788 3187 814 3240 in
837 3187 952 3240 consiliis
969 3226 1130 3242 ......
1175 3185 1213 3240 41

152 3282 255 3342 XVII.
300 3289 343 3340 De
365 3290 532 3342 consilioeub
554 3289 613 3341 aliis
636 3291 753 3358 petendo
782 3326 1130 3346 ............
1175 3286 1215 3341 42

131 3382 251 3442 XVIII.
297 3390 417 3450 Quorum
439 3390 577 3443 consilium
601 3391 636 3443 sil
658 3391 803 3444 vitandum.
1106 3461 1108 3465 .

324 3495 370 3551 [Do
389 3496 489 3542 vitando
507 3498 611 3542 consilio
636 3497 778 3554 stultorum]
811 3529 1131 3544 ...........
1175 3487 1215 3543 45

163 3583 255 3644 XIX.
300 3590 343 3642 De
365 3590 473 3643 vitando
496 3593 604 3645 oonsilio
627 3593 819 3645 adulatorum.
844 3632 850 3644 .
876 3581 912 3646 .'.
937 3630 1130 3645 .......
1175 3589 1215 3645 46

179 3684 255 3745 XX.
299 3691 342 3742 De
360 3692 470 3745 vitando
491 3693 598 3745 oonsilio
615 3693 728 3752 illorum,
752 3694 796 3763 qui
815 3700 878 3746 sunt
896 3695 938 3747 vel
953 3693 1012 3763 jam
1023 3693 1130 3746 fuerunt

299 3791 405 3854 inimici,
429 3799 457 3845 et
478 3799 576 3862 postea
597 3794 623 3846 in
644 3794 762 3864 gratiam
784 3796 917 3849 redierunt
936 3833 1130 3851 .......
1174 3792 1213 3847 49

163 3886 255 3948 XXI.
299 3894 342 3946 De
369 3893 479 3947 vitando
513 3895 623 3948 consilio
652 3895 766 3955 illorum,
801 3897 845 3966 qui
873 3914 925 3949 non
951 3912 1050 3956 umore,
1085 3897 1132 3948 sed

299 3994 392 4047 timore
414 3997 591 4050 reverentiam
613 3996 760 4050 ostendunt
782 4036 1130 4052 ............
1175 3992 1216 4049 50

150 4087 254 4148 XXII.
299 4097 342 4148 De
364 4096 473 4151 vitando
496 4098 603 4152 oonsilio
626 4097 790 4151 ebriosorum
814 4138 819 4151 .
844 4141 851 4164 ,
876 4139 882 4152 .
907 4103 915 4155 .'
938 4136 1130 4153 .......
1175 4095 1215 4152 52

132 4189 253 4253 ΧΧΠΙ.
298 4198 341 4250 De
363 4198 472 4252 vitando
495 4199 603 4252 oonsilio
625 4199 747 4264 illorum,
778 4201 821 4269 qui
844 4189 947 4254 secreto
974 4200 1045 4253 aliud
1069 4217 1130 4252 oon·

299 4299 401 4359 solunt,
424 4305 453 4351 el
473 4303 564 4368 palum
587 4301 659 4352 uliud
683 4318 712 4351 se
734 4301 803 4354 velle
825 4305 970 4355 ostendunt
999 4339 1129 4354 .....
1175 4297 1214 4380 52
