3150 4982
509 461 548 520 10
733 469 798 514 ore.
814 473 843 512 ιι.
871 471 912 514 nn
925 470 1167 516 consenserere.

507 645 547 689 ex
568 625 730 690 intervallo
753 625 937 690 vindicatur.
978 627 1063 690 Tunc
1081 646 1155 690 vero
1178 626 1267 708 qnasi
1290 647 1398 690 ornnes
1419 627 1436 682 1

508 747 576 790 cunr
614 747 724 809 magno
757 728 890 808 strepitu
930 727 1157 792 clamaverunt:
1219 729 1290 805 Sic,
1333 729 1397 806 sic,

507 832 573 905 liat,
596 831 661 893 fiat.
1416 833 1435 886 3

589 931 674 994 'l'uno
709 931 839 1012 denique
867 947 944 994 nous
979 934 1016 996 de
1051 933 1222 996 senioribus
1255 931 1396 996 indicens

507 1053 598 1096 manu
620 1033 776 1096 silentium
798 1034 835 1095 de
859 1053 1012 1096 consensu
1035 1041 1067 1096 et
1087 1035 1247 1098 voluntate
1265 1035 1396 1098 aliorum
1415 1038 1434 1091 5

507 1135 624 1204 senium
652 1135 746 1197 dixit:
787 1135 878 1198 Multi
905 1136 1044 1198 clamant
1070 1143 1130 1210 eia,
1159 1143 1219 1212 oio,
1254 1136 1305 1218 qui
1332 1137 1395 1198 vim

505 1237 666 1301 verborum
698 1234 840 1300 nesciunt
862 1243 895 1300 et
916 1238 998 1317 quod
1026 1237 1134 1300 dieunt
1155 1237 1279 1318 penitus
1301 1239 1394 1318 igno·
1415 1240 1432 1294 7

505 1347 586 1403 rant.
637 1338 786 1402 Vindicta
814 1347 898 1400 certe
929 1347 961 1401 et
988 1359 1109 1420 guerra,
1139 1359 1205 1419 quae
1235 1340 1332 1402 oritur
1355 1359 1394 1402 ex

506 1462 554 1517 ea,
577 1449 639 1504 tarn
662 1440 780 1521 largum
803 1440 920 1504 habent
940 1441 1110 1516 introitum,
1134 1448 1168 1503 ut
1185 1441 1304 1505 initium
1327 1441 1395 1522 ejus
1414 1445 1433 1498 9

505 1543 632 1608 cuilibet
653 1550 772 1623 pateat,
795 1543 863 1604 finis
886 1561 958 1605 vero
979 1543 1061 1606 illius
1084 1563 1152 1606 cum
1175 1563 1287 1622 magna
1308 1543 1394 1605 diffi-

506 1645 621 1709 cultate
645 1654 676 1707 et
699 1645 750 1706 vix
778 1653 832 1708 aut
854 1665 1007 1726 nunquam
1029 1646 1192 1726 reperitur.
1247 1645 1338 1707 Multi
1361 1643 1392 1706 iu
1412 1649 1444 1703 11

505 1746 655 1829 principio
677 1763 794 1827 guerrae
809 1747 941 1810 nondum
955 1748 1021 1810 nati
1035 1755 1118 1822 sunt,
1142 1749 1279 1829 quiante
1301 1747 1392 1809 finem

504 1849 587 1912 illius
610 1868 679 1910 cum
709 1849 804 1911 multo
827 1849 932 1912 labore
955 1868 992 1911 ac
1020 1849 1124 1912 multis
1147 1849 1312 1930 aerumpnis
1339 1856 1394 1911 ant
1413 1853 1447 1909 15

506 1957 673 2014 senescunt
699 1957 753 2013 aut
780 1951 997 2013 miserabiliter
1026 1959 1154 2031 propter
1182 1969 1324 2030 guerram
1345 1951 1394 2013 vi·

504 2058 568 2115 tam
582 2051 700 2114 finiunt.
734 2051 838 2124 Quare
855 2071 914 2115 nou
938 2060 987 2115 est
1008 2053 1110 2114 subito
1127 2071 1184 2115 nec
1207 2053 1393 2116 festinanter
1410 2058 1452 2112 17Ι

503 2153 750 2235 procedendum;
785 2154 841 2215 sed
875 2173 942 2216 cunr
977 2153 1117 2233 diligenti
1150 2153 1326 2234 provisione
1361 2163 1394 2216 et

504 2254 731 2335 preparatione
759 2274 796 2317 ac
825 2254 1046 2318 deliberatione
1075 2255 1211 2317 maxima
1238 2254 1393 2317 sollicita·
1413 2261 1446 2314 19

505 2374 563 2437 que
587 2375 661 2418 cura
682 2356 785 2418 omnia
807 2363 879 2418 suut
901 2357 1089 2438 peragenda.
1136 2355 1273 2436 Cumque
1295 2355 1392 2418 vellet

505 2457 620 2519 dictum
649 2476 736 2519 suum
766 2457 936 2520 rationibus
960 2459 1173 2537 comprobare,
1197 2460 1260 2520 lere
1284 2477 1390 2521 omues
1409 2465 1441 2519 21

505 2566 614 2621 contra
635 2559 719 2622 illum
740 2558 889 2634 insultare
917 2568 1078 2640 coeperunt
1105 2560 1279 2639 dictumque
1303 2578 1391 2621 suum

504 2661 680 2740 frequenter
709 2661 930 2740 interrumpere
960 2658 1118 2735 dicentes,
1152 2667 1186 2722 ut
1212 2661 1308 2722 verba
1335 2680 1393 2722 sua
1410 2669 1444 2723 23

505 2780 572 2824 cum
594 2761 792 2824 festinatione
810 2761 922 2837 liniret,
946 2762 1120 2842 dictumque
1143 2761 1282 2830 fuitilli:
1307 2761 1391 2824 “Ubi

500 2881 563 2946 'non
586 2869 635 2924 est
657 2862 791 2938 auditus,
820 2882 879 2926 uon
903 2862 1042 2925 effundas
1065 2881 1249 2938 sermonem,
1272 2872 1305 2925 et
1325 2863 1387 2925 im·
1406 2872 1440 2928 25

503 2971 633 3044 portuue
656 2963 718 3026 noli
741 2965 848 3026 extolli
871 2965 901 3026 in
924 2964 1079 3044 sapientia
1099 2965 1187 3039 tua”,
1214 2964 1391 3044 importuna

503 3073 553 3127 est
581 3065 660 3127 euim
688 3067 824 3127 narratio
852 3073 923 3141 tua,
958 3061 1029 3144 quia
1061 3066 1117 3128 tibi
1145 3085 1206 3128 uon
1235 3065 1391 3144 proebetur
1408 3074 1442 3128 27

396 3163 400 3171 ’
502 3166 636 3246 auditus,
659 3174 691 3228 et
713 3175 763 3229 est
785 3167 873 3247 quasi
894 3174 1015 3230 musico
1044 3176 1078 3231 in
1100 3173 1202 3243 luotu3
1236 3168 1279 3230 ait
1307 3167 1388 3230 enim

502 3268 523 3330 J
529 3268 645 3330 heeus
669 3267 798 3333 Sirac:
821 3270 965 3354 “Musica
983 3269 1014 3331 in
1028 3269 1112 3332 luctu
1123 3270 1300 3349 importuna
1311 3288 1387 3330 nar·
1406 3279 1439 3333 29

500 3369 612 3431 ratio”.
665 3368 741 3432 Cum
770 3376 873 3432 autom
896 3371 999 3433 senior
1025 3371 1173 3447 vidisset,
1204 3370 1262 3432 sibi
1289 3371 1387 3432 dene·

502 3471 567 3552 gari
581 3471 778 3546 audientiam,
803 3479 834 3534 et
849 3481 1061 3552 cognosceret,
1084 3473 1155 3555 quia
1176 3472 1272 3534 invito
1296 3472 1387 3534 audi·
1407 3482 1439 3537 31

500 3573 561 3637 tori
583 3593 671 3635 nemo
694 3574 771 3635 bene
794 3574 899 3648 refert,
924 3573 1003 3635 dixit
1022 3573 1099 3635 illis:
1133 3574 1314 3636 Inconsulta
1335 3579 1387 3635 te·

501 3675 627 3738 meritas
656 3674 757 3738 nescit
790 3682 956 3754 expectare
990 3674 1167 3750 consilium,
1201 3683 1233 3737 et
1258 3675 1386 3737 iterum:
1405 3687 1440 3741 33

536 3844 559 3896 2.
577 3845 613 3894 sic
625 3871 654 3880 -
664 3846 717 3907 tint]
730 3843 752 3892 D
763 3844 806 3906 aio,
822 3845 858 3892 stc
867 3841 927 3909 fiat}
961 3843 984 3894 6.
1003 3845 1110 3905 senium]
1118 3841 1295 3894 Polaenum.
1314 3843 1337 3894 9.
1349 3844 1388 3902 ut]

501 3929 521 3976 ld
545 3942 574 3977 ao
596 3929 632 3976 sic
653 3930 706 3992 fiat,
728 3929 788 3992 fian
814 3928 928 3978 uocat
962 3928 1036 3978 (init.
1056 3929 1094 3979 11.
1109 3928 1243 3990 lu]om.B.
1268 3927 1388 3990 liquis]

501 4014 553 4072 111,
579 4013 663 4076 Gelt,
690 4015 737 4074 stt5
763 4013 853 4076 llsic,
876 4016 926 4074 aia·
961 4013 1111 4075 Douando.
1138 4014 1177 4064 30.
1196 4014 1289 4074 eeulor]
1308 4013 1330 4060 D
1348 4026 1388 4060 aa·

502 4099 590 4146 Aom.
628 4098 698 4146 lianc
719 4111 777 4147 otro
802 4101 876 4162 pacat
894 4125 925 4136 —
959 4111 1015 4147 acc.
1039 4097 1276 4161 31.qula]anod.
1296 4095 1389 4153 3111-

501 4183 536 4230 rte
553 4182 607 4245 nar.
652 4183 675 4233 l.
694 4183 810 4246 denique]
826 4183 846 4231 B
860 4199 925 4234 acro.
960 4180 1019 4246 lert]
1038 4183 1060 4231 D
1079 4184 1179 4231 ratettt.
