3112 4966
478 420 518 482 56
700 436 765 480 cer.
782 440 862 484 xxvi.
890 443 930 486 nn
944 445 1145 488 exsururuoo

478 595 528 652 est
549 609 665 668 rerum,
689 593 715 656 si
737 595 768 656 in
792 615 827 658 eo
842 598 915 662 nihil
938 599 1149 664 immiscentur
1167 600 1399 663 adversum''.1

261 684 458 782 ilesffflml·
477 691 520 754 Et
547 693 728 758 Dominus
759 698 854 761 dixit:
890 703 1063 765 “Diabolus
1092 712 1141 766 est
1168 704 1305 765 mendax
1335 710 1369 764 et

262 789 430 892 {ffl'l‘ffl’
479 803 568 876 peter
591 795 690 876 ejus”.
740 800 782 862 Et
804 801 990 866 Salomon
1014 804 1110 866 dixit:
1140 804 1272 866 “Potius
1297 803 1403 866 dili-3

480 895 598 976 gendus
621 910 671 960 est
693 901 741 963 sur
764 922 853 983 quam
878 905 1022 967 assiduus
1045 906 1076 968 iu
1099 907 1295 968 mendesio”.

565 997 667 1080 Super
695 1021 732 1064 eo
761 1023 840 1066 vero
863 1007 945 1086 quod
972 1007 1089 1088 adjecit
1117 1007 1405 1082 consentaneumf)

479 1100 586 1162 stetim
614 1102 643 1164 in
675 1105 797 1183 negotio
819 1107 875 1169 tibi
898 1109 1057 1190 proposito
1086 1110 1239 1190 inspicere
1263 1111 1371 1185 debere,

479 1210 580 1264 utrum
603 1205 756 1284 negotium
780 1209 855 1271 illud
877 1211 926 1273 vel
946 1211 1105 1274 consilium
1129 1209 1406 1275 consentaneum?

481 1305 523 1367 sit
544 1305 673 1382 rationi,
708 1329 746 1371 on
776 1330 846 1373 uon.
903 1312 1052 1376 Similiter
1080 1313 1234 1396 inspicere
1264 1316 1370 1390 debes,

482 1407 533 1489 qui
568 1411 765 1473 consentiunt
796 1413 866 1474 huic
900 1415 1023 1495 negotio
1058 1423 1090 1478 et
1121 1415 1274 1479 voluntati
1309 1414 1406 1478 tnae9

482 1518 574 1592 atque
598 1513 738 1589 consilio,
761 1523 793 1576 et
816 1515 866 1595 qui
889 1517 1106 1580 contradicent
1134 1527 1166 1580 et
1193 1519 1313 1599 quales,
1337 1525 1373 1580 ut

483 1632 538 1693 per
567 1613 625 1676 hoc
657 1633 839 1694 cognoscas,
874 1625 973 1681 utrum
1004 1619 1160 1700 negotium
1188 1621 1238 1682 vel
1262 1619 1370 1682 consi·
1389 1619 1422 1672 11

482 1714 556 1778 lium
579 1717 706 1796 perduci
728 1719 830 1798 possit
848 1721 888 1782 ed
906 1721 1062 1797 effectum,
1085 1741 1123 1783 en
1142 1721 1276 1783 minime.
1316 1721 1370 1784 Si-

483 1817 596 1879 militer
614 1817 707 1880 etiam
724 1819 877 1900 inspicere
897 1843 933 1885 cc
954 1823 1115 1903 providere
1140 1823 1245 1898 debes,
1269 1832 1371 1885 utrum
1390 1821 1424 1877 13

481 1919 626 1981 voluntas
656 1929 710 1982 tue
741 1921 790 1983 vel
820 1923 981 1987 consilium
1012 1925 1189 1987 consentiet
1211 1925 1372 2004 possibili-

482 2021 541 2082 tati
563 2030 635 2096 tum,
669 2040 707 2084 an
731 2042 802 2086 non.
857 2025 899 2087 Et
926 2025 956 2088 in
986 2027 1142 2106 praedictis
1166 2025 1305 2088 omnibus
1328 2025 1375 2087 ita
1391 2026 1425 2081 15

485 2124 689 2186 examinando
719 2127 903 2206 provideas,
943 2136 978 2188 ut
1006 2127 1165 2207 appetitus
1193 2135 1265 2189 tuus
1293 2146 1372 2189 con-

486 2223 603 2287 sentiat
624 2225 747 2302 rationi,
771 2228 898 2290 utilitati
920 2247 956 2290 ec
980 2229 1191 2308 possibilitati.
1392 2229 1425 2284 17

263 2325 466 2424 f}f2¹⁰1{{⁶⁰sfl⁰·
571 2326 672 2407 Super
693 2329 785 2390 tertio
808 2332 913 2404 verbo,
937 2329 1017 2409 quod
1040 2329 1153 2390 subicit
1169 2329 1297 2405 Tullius,
1323 2330 1373 2392 di·

324 2409 328 2425 ’
488 2446 561 2490 cens
583 2433 659 2506 quid
681 2451 875 2516 consequens,
905 2430 1038 2492 sollicite
1065 2430 1228 2510 provideas
1251 2431 1373 2493 exami-
1392 2435 1425 2488 19

488 2530 601 2602 nendo,
624 2536 725 2592 utrum
755 2551 794 2592 ex
823 2532 951 2594 consilio
976 2533 1174 2611 consequeris
1197 2534 1310 2594 bonum
1334 2554 1374 2595 an

488 2630 612 2705 melum,
635 2639 735 2693 utrum
767 2633 868 2695 odium
898 2653 937 2694 an
961 2651 1107 2704 amorem,
1131 2635 1252 2713 [utrum]
1277 2635 1374 2697 timo-
1392 2638 1424 2691 21

488 2751 553 2793 rem
576 2751 615 2792 en
638 2733 787 2812 gretiam,
822 2744 922 2796 utrum
947 2735 1000 2814 jus
1023 2752 1062 2793 an
1085 2733 1238 2812 injuriam,
1273 2744 1375 2798 utrum

489 2851 597 2911 precem
620 2853 659 2895 an
682 2853 839 2914 guerram,
873 2845 973 2897 utrum
996 2835 1161 2914 dampnum
1190 2855 1229 2896 sn
1252 2837 1375 2899 utilite·
1393 2840 1427 2894 23

492 3053 494 3062 .
526 3017 547 3064 1.
566 3017 591 3064 ln
603 3019 642 3077 eo]
656 3032 704 3066 om.
715 3020 768 3069 ΑΙ).
787 3020 810 3069 i.
821 3023 915 3082 utrum]
954 3021 992 3072 19.
1011 2998 1070 3084 guid
1089 3023 1254 3084 consequens]
1275 3023 1382 3082 Aquod

490 3114 537 3149 om.
565 3102 594 3149 D.
646 3105 668 3152 9.
702 3106 868 3166 consentient]
897 3105 915 3152 Β
950 3119 1112 3168 consecutum
1148 3106 1171 3153 D
1199 3107 1261 3167 quid
1292 3120 1381 3154 conee-

487 3188 637 3235 eoneentint.
692 3189 729 3237 ll.
756 3189 868 3251 perduci]
894 3190 915 3236 D
950 3193 1043 3253 quarte.
1096 3191 1202 3241 21-22.
1234 3191 1319 3239 odium
1346 3217 1377 3227 -

486 3271 602 3329 produci.
663 3274 699 3322 15.
734 3274 779 3333 ite]
808 3288 855 3322 ome
883 3275 914 3324 D.
949 3278 1061 3336 gretiam]
1090 3278 1124 3335 A3
1166 3277 1196 3324 el.
1225 3276 1314 3323 odium
1340 3279 1400 3324 vel·

492 3355 529 3404 to.
540 3358 713 3416 examinando]
725 3372 772 3420 om.
782 3356 915 3419 A²;Dex-
950 3362 1016 3422 (cut,
1041 3360 1225 3422 collimarent
1246 3361 1285 3407 cel
1307 3359 1377 3420 (aut)

490 3441 647 3490 ruminandis.
699 3445 769 3503 tuus]
805 3446 914 3492 uteo.
949 3458 1070 3493 amorem.

492 3525 530 3575 18.
566 3527 650 3586 tertio]
687 3526 706 3572 B
742 3529 814 3575 terlio
849 3543 914 3577 cero.

490 3675 613 3730 dorum.
645 3677 661 3724 l.
685 3678 717 3738 l.,
748 3678 849 3737 legitur:
890 3677 1038 3738 “Jeuuerlo,
1073 3677 1199 3740 Episcopo
1227 3677 1378 3740 Salonium,

490 3761 657 3810 Theodericus
680 3763 732 3810 Rex
744 3797 837 3811 ......
864 3762 973 3811 Joennee
999 3765 1083 3821 itaque
1112 3764 1187 3811 nobili
1214 3777 1260 3811 uos
1288 3764 1379 3823 allegu-

489 3847 557 3894 tione
575 3847 695 3907 pulsavit,
722 3849 875 3896 sanctitatem
893 3856 997 3895 *restrum
1023 3863 1079 3895 ese
1097 3848 1227 3906 sexaginte
1244 3862 1312 3897 orces
1331 3850 1379 3897 olei

489 3930 521 3980 ed
542 3932 668 3992 implendo
693 3934 823 3981 luminaris
846 3934 995 3992 susceplsse:
1014 3945 1116 3990 querum
1140 3934 1248 3993 pretium
1266 3935 1313 3982 sibi
1332 3949 1379 3996 po·

490 4016 567 4064 stulet
590 4022 701 4078 oportere
723 4019 828 4065 restitui.
872 4018 973 4064 Bonum
1001 4017 1102 4078 quidem
1125 4023 1217 4078 votum,
1244 4020 1267 4065 ει·
1294 4023 1379 4066 tomen

489 4112 543 4147 uon
560 4099 598 4146 e'lri
616 4101 714 4160 aliquid
731 4104 866 4150 miscentur
883 4093 1036 4149 adversum'’.
1072 4100 1110 4149 (ll.
1129 4101 1255 4151 Albertan.
1273 4105 1379 4152 DeArte

490 4184 570 4246 Loqu.
589 4200 613 4244 p.
632 4183 720 4234 XCIX.
804 4183 964 4245 *uvsnge
989 4183 1069 4233 “uum
1086 4186 1199 4247 loquitur
1216 4189 1379 4249 mendacium,

491 4282 522 4317 ex
539 4270 647 4331 propriis
665 4269 782 4328 loquitur,
801 4271 859 4332 quin
876 4271 981 4319 mendox
1000 4276 1046 4328 ost,
1064 4277 1088 4318 et
1105 4276 1175 4332 peter
1193 4266 1268 4332 eJ'us''.
