3150 4982
495 484 559 526 nun.
575 485 602 524 x,
634 484 675 526 nn
692 483 815 526 suumo.
1059 477 1099 536 23

167 633 181 686 l
289 638 420 714 Verum,
456 640 528 720 quie
561 639 645 714 dixi,
685 640 882 720 prudentiam
916 647 948 702 et
977 659 1097 702 omnem

202 738 366 800 seientiam
396 740 514 821 acquiri
542 740 635 802 etiem
656 750 872 820 perseveranti
899 746 1013 817 studio,
1048 741 1096 803 vi-

166 839 335 902 3dendum
366 850 433 917 est,
468 843 540 921 quid
570 842 612 903 sit
633 843 780 918 studium,
816 851 848 906 et
877 863 943 924 quae
972 844 1035 905 sint
1057 843 1097 905 ed

202 941 337 1004 studium
360 943 448 1005 utilia
470 950 503 1004 et
525 944 715 1006 necessarie.

546 1249 685 1314 CAPUT
705 1250 749 1313 X.

241 1421 287 1486 lle
309 1419 420 1488 Studio
442 1419 484 1487 m
506 1420 664 1503 Studiose,
693 1419 736 1486 lit
758 1420 834 1495 llum
857 1419 930 1489 suu
952 1420 1052 1489 Utilia

396 1522 438 1589 lli
459 1522 649 1590 Necessarie
671 1521 892 1591 studentibus.

162 1691 180 1745 5
283 1698 392 1776 ltaque
422 1697 581 1760 “studium
610 1708 659 1759 est
681 1696 848 1760 vehemens
871 1696 964 1758 enimi
986 1696 1090 1776 eppli·
1109 1694 1198 1792 223¹}
1212 1696 1312 1797 gfff

198 1800 281 1861 catio
304 1800 344 1861 ed
367 1799 501 1878 aliquam
524 1818 589 1859 rem
612 1815 731 1859 summe
754 1817 822 1859 cum
844 1797 1037 1858 voluntale’'.

162 1896 178 1948 7
283 1899 335 1961 Ad
357 1901 492 1961 studium
520 1907 623 1961 eutem
647 1905 719 1960 sunt
741 1897 843 1959 utilia:
878 1898 913 1960 iu
943 1899 1090 1980 primis,

198 2002 351 2075 doctrina,
376 2008 409 2062 ut
431 2020 526 2079 supra
548 2000 623 2073 dixi,
647 2000 684 2060 de
708 2019 768 2079 qua
790 1999 941 2075 doctrine,
970 2001 1091 2079 plenius

161 2100 178 2152 9
198 2087 346 2183 seriptum
368 2102 462 2163 estin
482 2101 558 2162 libro
578 2101 627 2162 De
643 2102 756 2161 Forma
769 2101 850 2162 Vitae
872 2100 903 2161 in
927 2101 1089 2180 principio,

197 2204 351 2284 quemad
375 2202 626 2264 Vincentium
650 2203 777 2262 fratrem
799 2211 885 2262 tuum
909 2201 1018 2263 direxi.

142 2302 176 2355 ll
282 2303 484 2384 Secundo,
508 2301 583 2363 utile
611 2308 661 2362 est
690 2302 837 2380 adjuvare
860 2302 1015 2381 ingenium
1037 2303 1089 2366 in·

195 2405 373 2466 tentissime
396 2422 471 2464 cure
484 2412 515 2464 et
538 2402 602 2464 acri
626 2422 683 2463 usu
706 2411 738 2462 et
754 2403 977 2465 exercitatione
985 2424 993 2478 ;
1017 2423 1088 2466 nam

141 2505 177 2560 13
195 2505 403 2567 “exercitatio
426 2503 580 2583 ingenium
605 2511 637 2564 et
658 2513 800 2565 naturam
820 2523 904 2583 saepe
926 2503 1034 2578 vincit,
1058 2512 1089 2566 et
1106 2506 1310 2611 ffisselgjjffilffl

196 2627 269 2669 usus
293 2606 426 2667 omnium
449 2605 667 2683 magistrorum
690 2613 850 2684 praecepte
871 2606 1032 2685 superet’'.

141 2707 177 2761 15
279 2707 425 2780 Tertio,
456 2706 530 2767 utile
555 2714 605 2767 est
626 2705 775 2784 adjuvere
798 2724 887 2766 usum
915 2725 972 2786 per
994 2725 1088 2768 exer·

196 2809 302 2871 citium
325 2826 480 2880 manuum,
505 2813 537 2868 et
559 2806 712 2884 ingenium
735 2826 803 2867 cum
827 2824 916 2879 eure3
941 2805 985 2867 ait
1008 2805 1087 2867 enim

142 2911 177 2964 17
196 2910 311 2974 Cato:
1106 2916 1203 2967 Dionys.
1215 2915 1272 2958 celo
1278 2919 1310 2960 De

679 3007 681 3012 =
1106 2968 1309 3059 ’Β’...”

278 3068 388 3120 Exeree
410 3065 538 3125 studium,
561 3065 683 3134 quemvis
704 3066 858 3136 pereepeuis
881 3071 975 3120 erlem.

142 3166 177 3218 19
280 3169 318 3222 Ui
340 3183 405 3220 eure
426 3165 571 3236 ingenium,
595 3165 632 3218 sie
655 3173 800 3220 eumenus
822 3167 937 3237 edjuvm
959 3184 1047 3226 nsum.

196 3315 278 3377 Usus
302 3334 375 3393 ergo
398 3315 439 3375 ed
462 3311 597 3375 studium
619 3313 818 3375 necessarius
842 3320 906 3390 est,
931 3314 982 3395 qui
1004 3334 1088 3395 pree-

142 3418 249 3478 21bet
272 3416 395 3477 facilem
417 3415 499 3477 viem
524 3414 562 3475 in·
578 3415 717 3493 quelibet
742 3422 828 3490 erte,
860 3416 940 3476 unde
962 3435 1088 3477 versus:

237 3578 289 3628 Ars
312 3575 361 3627 dei
382 3579 411 3626 et
433 3589 498 3626 usus
521 3573 619 3625 habel:
643 3573 666 3626 ei
681 3572 809 3642 junxeris
832 3573 937 3626 artibus
959 3589 1048 3634 usum,

144 3671 178 3724 23
281 3676 427 3729 Difficilem
449 3674 557 3727 facilem
580 3674 686 3743 praebet
707 3674 734 3727 in
756 3680 815 3728 arte
836 3674 917 3729 viam.

231 3876 253 3924 7.
276 3872 420 3936 inprimis]
445 3873 467 3920 D
490 3872 627 3930 imprimis.
663 3869 695 3921 (l.
723 3871 760 3921 16.
779 3874 1091 3935 munuum]Amuguum;

201 3960 237 4008 10.
262 3958 353 4018 direxi]
381 3957 494 4017 seqnitur
514 3958 627 4017 iulenpo-
662 3956 817 4005 Dmauum.
845 3962 869 4004 et
885 3958 1023 4018 ingenium]
1043 3973 1090 4009 om.

197 4045 256 4091 letio
274 4044 300 4090 iu
320 4041 403 4090 codiee
421 4037 464 4092 Αἱ
500 4040 537 4090 12.
557 4054 627 4089 exer·
662 4038 705 4089 Ρ.
751 4040 790 4090 22.
814 4043 941 4101 junxeris]
969 4041 989 4088 B
1013 4045 1091 4100 junc-

197 4129 324 4186 eitetlone]
339 4125 357 4175 O
373 4125 551 4173 exercitatione
565 4139 627 4172 eeu·
661 4126 734 4186 uerie3
754 4125 764 4171 l
782 4126 906 4181 vincerie3
926 4124 1091 4175 ODELviee·

198 4213 280 4260 linuu.
329 4211 366 4260 13.
390 4211 465 4272 eaepe]
489 4210 512 4257 D
535 4222 625 4268 sempe.
660 4210 704 4259 rie.

199 4296 237 4346 15.
257 4296 342 4356 usum]
367 4307 414 4342 om.
433 4293 461 4344 li.
505 4294 558 4357 per]
578 4305 626 4340 om.
