3112 4966
336 500 400 542 ose.
416 501 483 540 xxx.
521 497 561 538 nn
579 497 703 540 aaaoan
717 498 857 545 eousruu.
1003 491 1042 550 65

119 657 135 708 1
240 655 373 718 Tertio
397 673 469 717 vero
494 653 616 727 errasti,
647 653 718 734 quia
741 673 810 717 eum
831 653 878 716 ira
900 655 990 717 simul
1013 663 1045 717 et

156 757 319 839 voluptate
342 777 396 818 seu
420 757 589 838 eupiditate
607 765 699 836 atque
718 755 901 818 festinantia
916 764 956 818 'tu
977 757 1043 819 ira-

120 861 137 915 3
155 869 206 922 tus
230 859 391 921 consilium
405 857 583 939 postulasti,
607 876 667 918 non
686 858 871 920 removendo
894 859 1046 939 praedieta

153 961 217 1034 tria
244 981 263 1022 a
290 968 321 1022 te
350 967 381 1022 et
411 979 430 1025 a
457 959 641 1022 consiliariis
675 958 753 1034 tuis,
783 980 849 1040 quae
873 968 946 1023 sunt
968 981 1044 1024 eon·

120 1065 137 1118 5
154 1062 254 1124 traria
276 1061 415 1124 consilio.

26 1155 29 1162 ’
242 1161 393 1234 Quarto
422 1182 495 1225 vero
518 1161 641 1237 errasti,
671 1163 753 1244 qnia,
789 1184 856 1226 eum
880 1172 963 1227 tuam
987 1185 1045 1228 vo·

115 1269 136 1322 ‘7
154 1267 308 1327 luntatem
338 1262 521 1327 consiliariis
538 1264 718 1348 estendere
751 1265 873 1327 minime
902 1266 1047 1342 debuisti,

155 1375 190 1429 tu
213 1367 405 1428 voluntatem
427 1375 511 1428 tuam
529 1365 591 1428 illis
605 1366 807 1441 ostendendo,
831 1387 972 1447 magnam
995 1369 1045 1429 af·

119 1469 323 1530 9lectionem
353 1467 390 1528 de
413 1465 551 1529 vindicta
577 1466 607 1528 iu
640 1468 809 1530 continenti
837 1469 980 1532 facienda
1002 1469 1046 1531 eis

155 1569 396 1643 demonstrasti;
420 1587 514 1648 qnare
531 1567 707 1644 consiliarii,
731 1570 828 1650 magis
846 1571 945 1634 secuti
962 1577 1047 1634 tuam

105 1679 136 1732 11
156 1671 351 1733 voluntatem
375 1674 464 1749 quam'
487 1676 571 1730 tuam
593 1669 772 1745 utilitatem,
796 1673 841 1734 de.
856 1671 995 1735 vindicta
1016 1672 1047 1733 in

156 1772 331 1834 continenti
353 1770 497 1834 iacienda
519 1770 575 1831 tibi
599 1771 828 1835 consuluerunt.

104 1882 137 1936 13
245 1872 389 1943 Quinto
419 1871 549 1946 errasti,
583 1873 655 1952 quia
683 1875 770 1937 unico
806 1874 933 1937 consilio
969 1895 1046 1940 con-

156 1984 265 2038 tentus
295 1974 397 2050 fuisti,
433 1995 500 2036 cum
529 1974 560 2035 in
589 1981 654 2035 tam
683 1976 778 2037 arduo
807 1976 929 2056 negotio
952 1976 1050 2038 multa

105 2085 138 2140 15
157 2069 291 2140 consilia
313 2076 375 2138 sint
397 2075 586 2138 necessaria.
628 2083 631 2088 “
690 2139 692 2144 ,

246 2177 365 2243 Sexto
384 2177 506 2251 errasti,
520 2177 664 2258 quianon
677 2176 862 2243 examinasti
877 2161 1053 2240 eonsilium,

104 2290 161 2364 ll¹
246 2278 427 2358 Septimo.
451 2279 570 2340 demum
600 2278 712 2341 errasti
739 2278 825 2359 quia,
860 2282 945 2342 faeta
973 2299 1048 2361 par-

158 2381 231 2456 tita,
261 2400 322 2442 non
354 2400 387 2442 es
417 2388 543 2443 secutus
573 2381 765 2443 veluntatem
794 2391 825 2442 et
847 2401 971 2444 sensum
994 2401 1048 2443 sa·

108 2495 140 2548 19
159 2482 311 2564 pientiam
334 2488 366 2542 et
388 2481 567 2557 amicorum,
595 2483 650 2543 sed
673 2482 775 2562 potius
799 2482 989 2546 voluntatem
1013 2504 1049 2545 ae

161 2604 288 2646 sensnm
321 2583 525 2646 multitudinis
554 2583 716 2648 stultorum
747 2593 839 2665 atque
872 2585 1049 2648 errantium.

109 2698 141 2752 21
162 2685 199 2748 Si
222 2685 301 2747 anim
324 2685 364 2746 ad
385 2685 622 2761 multitudinem,
652 2694 684 2748 et
705 2706 765 2748 uon
789 2687 828 2748 ad
851 2707 975 2750 sensum
997 2707 1049 2750 re-

163 2787 317 2869 spexeris,
348 2807 503 2868 nunquam
530 2789 642 2850 bonum
672 2787 833 2850 consilium
855 2789 969 2851 habere
991 2808 1050 2850 va·

111 2903 145 2956 23
163 2889 243 2952 labis
251 2909 260 2964 3
284 2909 355 2952 uam
379 2890 492 2952 stultos
515 2909 637 2971 semper
658 2889 796 2952 invenies
819 2890 849 2952 in
863 2891 1051 2971 centuplum,

157 2995 256 3073 'qnam
281 2991 455 3073 sapientem
479 2998 511 3054 et
533 2992 621 3054 stulti
643 2991 741 3054 stulta
764 2991 904 3074 diligunt,
928 3001 959 3054 et
975 2992 1051 3066 ¹ani-

112 3107 146 3161 25
165 3115 247 3157 mum
276 3113 364 3156 suum
394 3114 515 3175 semper
544 3094 584 3156 ad
612 3092 776 3155 stultitiam
798 3093 963 3176 inclinant3
997 3113 1052 3156 sa-

166 3196 289 3277 pientes
316 3215 389 3258 vera
418 3195 510 3275 panai
539 3214 655 3276 paucos
687 3194 847 3257 inveniunt
876 3181 1053 3278 sapientem

114 3312 148 3365 27
167 3319 262 3380 quare
284 3298 316 3360 iu
338 3297 473 3378 partitis,
497 3318 563 3378 quae
586 3296 617 3358 iu
640 3296 777 3359 consiliis
800 3297 866 3359 fieri
882 3293 1053 3360 consueve-

167 3410 250 3476 runt,
284 3418 406 3480 semper
439 3399 651 3461 succumbunt.
707 3399 782 3460 Inde
817 3407 876 3473 est,
911 3399 992 3479 quod
1023 3399 1058 3462 iu

115 3515 149 3568 29
168 3501 304 3584 partitis,
328 3520 395 3581 quae
423 3499 454 3560 in
483 3499 620 3562 consiliis
650 3499 809 3562 civitatum
832 3500 897 3562 fieri
920 3519 1054 3562 consue·

204 3675 226 3724 2.
237 3673 364 3733 sen]Bst;
382 3672 473 3724 Gaiae.
492 3674 515 3722 4.
525 3674 594 3732 sunt]
630 3676 718 3720 tos-
741 3672 895 3734 centuplum]
923 3673 945 3719 A
969 3673 1057 3719 stultos

170 3759 266 3806 Bsint.
304 3759 328 3808 8.
351 3759 473 3816 maguam]
498 3771 545 3805 nm.
568 3757 596 3803 B.
626 3758 711 3815 pluras
737 3757 766 3802 ta
796 3756 911 3815 centuplo
937 3757 1057 3804 inventes.

173 3844 210 3892 10.
225 3843 410 3901 demonstrasti]
426 3841 596 3890 Bdamostrd·
632 3840 671 3889 26.
689 3841 772 3902 pauci]
800 3853 848 3888 om.
872 3840 898 3886 B.
922 3841 1056 3901 sapientes]

169 3929 211 3974 stt.
237 3924 414 3986 consiliarii]B
433 3926 596 3973 consiliastis.
632 3938 679 3972 orn.
697 3925 730 3973 l).
757 3925 797 3973 at.
817 3926 902 3986 quare]
920 3925 966 3973 AD
981 3937 1057 3986 quara

149 4013 259 4071 secuti]
283 4025 330 4060 om.
350 4013 385 4072 A;
412 4011 596 4072 Dsaquurstar.
632 4010 694 4056 alla.
726 4009 1058 4072 patriumpatriam.

174 4096 211 4146 ll.
230 4093 506 4158 quamtuamlatDom.
520 4098 599 4142 tuam.
635 4095 665 4141 Α.
700 4091 765 4154 qua]
784 4095 830 4142 AD
848 4106 932 4153 quana
952 4091 1059 4142 28-29.

172 4181 252 4241 da]D
274 4193 331 4228 eam
354 4180 391 4228 da.
437 4178 475 4227 ll.
502 4178 601 4227 demum
635 4191 731 4239 semper
753 4201 785 4215 -·
802 4176 992 4236 consueverunt]
1012 4189 1059 4225 om.

173 4266 268 4324 errasti]
281 4263 334 4312 Bet
348 4265 448 4322 altimo.
475 4262 514 4313 18.
532 4264 600 4326 sapi·
635 4261 662 4311 u.
681 4262 721 4312 29.
739 4262 861 4330 consiliis]
881 4257 914 4309 Μ
937 4258 1060 4309 eonctltts.

173 4352 277 4410 entium]
290 4349 466 4410 usamentum.
486 4347 525 4398 23.
535 4349 599 4397 stul·

212 4451 316 4489 usam.
331 4453 377 4490 nn.
395 4451 477 4488 esaar.
832 4440 847 4488 5
