3112 4966
476 379 517 440 92
742 387 807 430 can.
824 387 870 428 un.
898 385 939 426 nn
953 385 1106 428 roncone.

478 545 504 610 ei
533 543 631 608 multa
663 541 816 606 maleficia
842 541 1003 622 patiuntur
1030 539 1113 615 lieri,
1146 537 1274 600 venient
1304 531 1413 616 quael

478 667 538 712 nou
567 650 713 726 poterunt
741 643 823 724 pati3
864 641 936 723 quia
964 639 1182 702 malefactores
1211 643 1260 700 tot
1289 635 1380 698 mala

478 747 683 820 committent,
718 763 785 826 quae
814 741 953 806 tollerari
981 761 1041 804 non
1070 746 1232 822 poterunt:
1269 746 1302 815 et
1328 735 1415 797 lta3

478 850 518 912 ab
548 847 649 912 ollicio
679 845 885 926 expellentur.
939 842 1032 904 Tales
1059 842 1164 920 itaque
1188 839 1314 920 judices
1343 846 1379 898 et

479 957 655 1032 potestates
677 947 781 1028 potins
805 945 932 1026 eligant,
955 943 1109 1006 maleficia
1130 950 1163 1004 et
1184 941 1375 1003 malefacto·
1397 941 1415 995 5

479 1069 530 1114 res
563 1048 766 1130 investigare,
807 1045 941 1110 sollicite
973 1045 1094 1125 insequi
1126 1053 1219 1124 atque
1252 1042 1376 1123 punire,

480 1169 570 1234 quam
593 1149 753 1231 patiantur
782 1150 822 1212 ab
852 1148 897 1209 eis
921 1147 1098 1228 contempni
1121 1155 1154 1209 et
1176 1147 1256 1208 deici
1280 1147 1413 1225 atque?

481 1273 550 1318 cum
573 1271 629 1314 suo
652 1251 805 1335 vituperio
828 1270 847 1313 a
870 1249 1021 1330 dignitate
1045 1249 1192 1311 etofficio
1210 1248 1374 1310 removeri.

481 1357 524 1420 Et
546 1355 639 1420 etiam
651 1353 678 1416 si
692 1353 848 1429 crederes,
871 1351 1040 1432 proedictas
1054 1351 1260 1414 auctoritates
1280 1350 1375 1412 etiem
1393 1353 1412 1406 9

481 1459 512 1522 in
534 1457 605 1521 aliis
632 1455 808 1519 homiuibus
835 1454 937 1517 locum
964 1453 1099 1528 habere,
1131 1459 1322 1515 nontamen
1345 1451 1375 1513 in

481 1561 540 1624 hoc
574 1577 649 1622 caen
679 1556 832 1638 patientia
853 1563 940 1618 esset
972 1555 1182 1628 detestabilis,
1216 1561 1251 1616 ut
1284 1553 1375 1616 dicis.
1392 1555 1428 1611 11

261 1645 464 1749 ffi'fi’ifil'iff‘
481 1663 567 1726 Bene
590 1678 721 1740 namque
745 1679 799 1739 per
820 1656 982 1739 superiora
1004 1655 1188 1737 cognovisti,
1211 1663 1297 1718 tuam
1321 1675 1377 1717 vo-

483 1763 633 1826 luntatem
656 1761 741 1823 circa
762 1758 931 1822 vindictam
955 1777 1015 1820 uon
1039 1778 1109 1820 esse
1133 1765 1378 1820 consentaneam
1394 1761 1429 1816 13

483 1861 596 1927 rationi
626 1879 681 1926 nec
710 1871 771 1924 tuae
794 1859 1006 1942 possibilitati.
1061 1861 1141 1922 Nam
1164 1859 1244 1920 ratio
1267 1858 1377 1938 prohi-

483 1967 548 2041 bet,
571 1964 738 2028 vindictam
769 1981 808 2029 ex
838 1960 1003 2024 intervallo
1033 1960 1115 2034 fieri3
1150 1969 1182 2022 et
1211 1959 1295 2040 quod
1323 1979 1378 2021 re·
1396 1965 1428 2019 15

484 2069 568 2132 tione
592 2073 679 2130 caret
701 2083 761 2126 non
784 2069 891 2144 potest
913 2081 983 2124 esse
997 2061 1184 2124 diuturnum.
1219 2061 1380 2140 Scriptum

264 2157 371 2253 ξῗὶῖῃ
386 2157 454 2256 ,Ἢ
486 2178 536 2233 est
558 2167 654 2230 euim:
679 2164 762 2226 “Vis
780 2164 903 2226 vincere
917 2171 1016 2224 totum
1040 2163 1198 2237 mundum,
1221 2170 1252 2223 te
1272 2162 1380 2223 subice
1398 2169 1429 2223 17

486 2269 632 2333 rationi''.
683 2261 788 2336 Quare
818 2272 892 2344 puto
916 2264 1009 2343 quod,
1037 2263 1064 2324 si
1092 2263 1160 2344 quis
1191 2270 1303 2325 contre
1324 2283 1380 2324 re-

486 2372 602 2435 tionem
635 2368 728 2444 facit,
761 2367 871 2430 merito
907 2371 940 2426 et
967 2365 1038 2444 jure
1072 2362 1103 2425 in
1137 2365 1219 2426 omni
1253 2365 1380 2444 negotio
1399 2375 1430 2427 19

487 2470 690 2536 subcumbere
724 2468 827 2530 debet.
887 2465 1089 2528 Possibilitas
1121 2484 1195 2527 vero
1228 2473 1285 2526 tua
1320 2486 1382 2527 non
1443 2503 1450 2515 ·

488 2580 549 2648 est,
577 2569 808 2650 computatione
837 2568 938 2640 lecta,
973 2567 1101 2647 aqualis
1130 2566 1382 2629 adversariorum
1399 2577 1432 2630 21

487 2683 609 2735 tuorum
638 2670 785 2752 potentlae
815 2669 880 2730 sive
904 2667 1118 2747 possibilitati,
1147 2674 1181 2728 ut
1203 2686 1300 2748 supra
1322 2687 1382 2729 no-

268 2765 470 2868 ᾞξρξξῖίξ
488 2773 633 2846 tavimus,
667 2773 758 2832 immo
793 2779 842 2831 est
871 2769 960 2830 valde
989 2768 1099 2842 minor,
1132 2768 1178 2829 ita
1211 2770 1294 2847 quod
1321 2780 1433 2834 nonae

488 2881 579 2956 potes
601 2873 771 2934 vindictam
794 2872 897 2933 lacere
921 2869 987 2931 eine
1016 2868 1155 2949 periculo
1185 2888 1222 2930 ac
1253 2870 1383 2931 destru-

489 2975 591 3037 ctione
618 2983 680 3035 tuae
708 2991 860 3053 personae.
916 2969 1021 3041 Quare
1055 2970 1085 3030 in
1120 2970 1178 3031 hoc
1213 2989 1289 3032 casu
1322 2981 1435 3036 non25

488 3083 575 3156 puto,
606 3073 790 3154 patientiam
817 3091 888 3135 esse
916 3070 1097 3153 pessimam,
1120 3078 1155 3131 ut
1182 3070 1304 3148 dixisti,
1328 3072 1385 3133 sed

487 3175 578 3238 valde
602 3175 761 3254 optimam.
807 3173 966 3252 Scriptum
989 3180 1039 3233 est
1061 3189 1210 3249 namque:
1401 3187 1434 3240 27

542 3377 566 3426 l.
593 3377 759 3438 expellentur]
793 3375 812 3424 B
838 3377 919 3436 repel-
953 3375 995 3435 ne]
1020 3373 1057 3434 u,
1085 3375 1116 3422 al.
1144 3374 1207 3422 dicit
1233 3375 1389 3424 Bernartius.

492 3462 582 3509 lentur.
623 3461 647 3508 6.
668 3461 778 3521 insequi]
803 3460 864 3509 Bet
881 3474 920 3508 ra·
956 3460 996 3510 20.
1021 3459 1179 3508 Possibilites
1209 3461 1277 3519 varo]
1308 3467 1390 3509 cesset

493 3545 545 3607 pul.
587 3543 609 3593 7.
636 3544 772 3605 patiantur]
797 3544 921 3604 Bparti·
955 3545 1037 3593 hiatus
1056 3544 1148 3592 codicis
1163 3545 1187 3590 A
1205 3544 1294 3606 (pel,
1314 3559 1335 3592 v.
1351 3545 1389 3606 3).

493 3633 578 3678 natur.
601 3630 623 3678 9.
642 3629 684 3688 Et]
704 3628 723 3675 Β
741 3629 791 3678 red.
819 3629 852 3688 si]
872 3642 921 3677 orn.
958 3629 997 3679 2².
1016 3629 1078 3688 slve]
1097 3627 1119 3674 D
1137 3641 1189 3676 acu.
1217 3627 1310 3688 tam]
1326 3627 1388 3676 Bet.

495 3713 566 3762 GDE.
610 3713 730 3772 crederes]
757 3726 805 3761 om.
823 3712 860 3772 ὓς
886 3709 922 3760 A¹
959 3698 1273 3773 25.Quare]Dcuic,·'A²
1290 3713 1389 3772 ltaque.

494 3797 635 3847 credideris.
686 3799 770 3857 etiam]
811 3811 861 3850 om.
897 3797 923 3846 G.
960 3798 999 3847 li.
1019 3797 1145 3858 Scriptum
1155 3802 1193 3844 ast
1205 3798 1322 3856 namque]
1339 3809 1390 3848 om.

497 3882 535 3933 ll.
548 3882 677 3943 patientia]
686 3894 733 3930 om.
741 3883 772 3932 D.
791 3883 861 3932 dicis.
874 3881 924 3930 Ba·
958 3881 1018 3942 AD;
1036 3881 1056 3929 li
1074 3895 1133 3929 cum
1150 3881 1273 3939 scriptum
1290 3881 1333 3928 ait.

564 4029 579 4063 *
598 4031 734 4082 Seneca:
771 4031 816 4080 “Si
833 4033 871 4081 vie
889 4033 972 4080 omnia
989 4031 1034 4080 tibi
1052 4032 1177 4090 subicere,
1202 4037 1226 4080 te
1244 4032 1330 4079 sublce
1348 4046 1391 4080 ra·

496 4108 580 4165 tioul‘'.
623 4115 808 4166 cr.A1oertm.
834 4117 916 4165 Tract.
940 4117 970 4164 dc
994 4116 1053 4164 Arte
1076 4114 1210 4178 Loquendi
1232 4117 1256 4162 ct
1280 4113 1416 4164 Tacendi·

496 4213 551 4264 pag.
571 4198 611 4249 01.
