3112 4966
511 477 552 537 84
735 487 800 530 ose.
816 489 930 532 xxxvrr.
957 488 1057 532 suras
1070 488 1174 560 osnes.

293 657 496 800 pp'spppnptpgt
513 649 648 725 pturam,
672 661 738 726 quae
762 641 852 706 dicit:
878 645 1064 726 “Nunquam
1086 645 1173 708 bibes
1196 643 1259 706 mel
1271 643 1338 706 sine
1349 661 1405 704 ve·
1424 643 1439 695 1

295 761 333 800 ¹1
369 759 425 812 ‚ss
514 744 628 822 ueno”,
651 753 684 808 et
705 743 891 826 scripturam
913 745 1043 810 Ovidii
1065 746 1214 810 dicentis:

296 879 500 981 ss'sspssffiffp
622 886 710 956 Impia
731 888 782 941 sub
804 887 874 967 dulci
896 887 977 942 melle
998 904 1103 942 venene
1123 889 1212 942 latent
1236 918 1269 928 -
1425 879 1441 931 3
1542 863 1543 908 i

295 985 496 1076 mmm·
517 1041 549 1095 et
579 1031 694 1095 dictum
730 1031 951 1097 Salomonis
984 1033 1015 1096 in
1043 1033 1220 1096 Proverbiis
1256 1033 1406 1096 dicentis:

296 1085 365 1130 ω’
381 1087 405 1127 ¹⁸
430 1149 435 1158 ·
516 1133 602 1196 “Mel
615 1133 773 1208 invenisti,
797 1135 923 1197 comede
939 1135 1021 1216 quod
1034 1135 1091 1198 tibi
1115 1135 1241 1210 suflicit,
1264 1154 1304 1196 ne
1326 1130 1442 1196 forte5

515 1235 649 1298 satiatus
672 1253 798 1298 evomas
819 1235 928 1299 illud”.
961 1233 1066 1308 Quare
1089 1237 1169 1298 forte
1191 1238 1290 1311 Deus,
1314 1255 1408 1297 aver·
1542 1297 1543 1304 ,

515 1337 610 1400 tendo
633 1337 744 1400 faciem
768 1355 854 1399 suam
878 1356 897 1398 a
918 1345 961 1412 te,
990 1337 1133 1418 permisit
1153 1337 1220 1401 haec
1249 1338 1306 1400 tibi
1330 1332 1441 1400 con-7
1542 1349 1543 1362 ¹

515 1421 647 1520 tingere,
682 1437 837 1519 puniendo
871 1449 902 1500 te
935 1439 966 1500 in
999 1458 1047 1515 eo,
1080 1439 1112 1501 in
1146 1459 1205 1520 quo
1240 1439 1410 1520 deliquisti.

515 1539 684 1620 Deliquisti
714 1539 826 1602 etenim
855 1539 905 1601 vel
932 1540 1073 1620 peccasti
1100 1541 1308 1620 permittendo
1337 1548 1370 1601 te
1393 1537 1443 1600 al

516 1640 616 1703 tribus
648 1641 792 1703 hostibus
825 1642 888 1702 tuis
922 1641 1062 1722 superari
1095 1641 1289 1722 animamque
1323 1648 1409 1703 tuam

517 1741 688 1822 captivari,
721 1739 870 1803 videlicet
904 1761 924 1802 a
956 1761 1049 1804 carne
1077 1750 1110 1804 et
1142 1762 1160 1804 a
1187 1742 1300 1804 mundo
1331 1749 1365 1802 et
1393 1738 1460 1802 all

517 1841 661 1924 dyabolo,
697 1842 747 1922 qni
776 1851 850 1904 sunt
876 1851 942 1906 tres
968 1844 1078 1905 hostes
1107 1845 1153 1905 tui
1176 1850 1208 1906 et
1229 1843 1326 1905 totius
1350 1843 1411 1903 hu-

516 1941 599 2004 mani
632 1941 755 2022 generis
788 1943 914 2006 inimici.
978 1942 1064 2014 Quos
1098 1945 1207 2006 hostes
1240 1941 1413 2024 permisisti
1432 1941 1463 1994 13

516 2061 572 2123 per·
594 2043 749 2105 fenestras
778 2044 823 2106 tui
858 2045 996 2124 corporis
1018 2044 1152 2119 intrare,
1185 2044 1333 2106 videlicet
1355 2062 1413 2123 per

517 2162 552 2205 os
575 2152 608 2206 et
629 2163 721 2206 neres
744 2149 777 2205 et
799 2145 906 2207 oculos
930 2153 962 2206 et
983 2164 1086 2208 eures.
1121 2144 1182 2217 Qui
1204 2153 1268 2207 tres
1287 2145 1411 2218 hostes,
1430 2144 1463 2196 15
1542 2179 1543 2212 3

515 2264 571 2326 per
593 2245 694 2307 dictes
717 2244 871 2306 fenestras
885 2245 1042 2320 intrando,
1064 2247 1302 2325 teauimamque
1324 2253 1413 2306 tuam

518 2345 650 2426 quinque
673 2344 775 2427 plagis
798 2347 988 2421 affecerunt,
1011 2347 1158 2409 videlicet
1179 2346 1241 2408 illis
1265 2345 1412 2426 quinque,
1432 2346 1464 2399 17

516 2467 583 2526 quae
606 2447 772 2528 gignuntur
798 2455 831 2510 et
858 2447 997 2511 oriuntur
1026 2467 1065 2510 ex
1093 2447 1225 2527 quinque
1254 2446 1412 2520 sensibus,

516 2546 662 2610 videlicet
685 2567 724 2608 ex
739 2547 818 2622 visu,
841 2548 960 2624 auditu,
984 2556 1087 2628 gustu,
1111 2549 1240 2610 odoratu
1259 2554 1292 2608 et
1312 2554 1412 2609 tactu.
1431 2549 1465 2601 19
1542 2589 1543 2592 κ

295 2621 418 2714 &fi-‘iis‘
436 2633 458 2674 μ’
477 2626 498 2672 ²'
517 2647 570 2710 Ad
597 2647 829 2710 similitudinem
862 2649 967 2730 itaque
997 2651 1178 2730 predictam
1206 2650 1287 2710 forte
1317 2646 1412 2709 dedi·
1542 2733 1543 2736 Ἴ

517 2756 629 2829 gnatus
651 2749 738 2810 Deus
761 2751 914 2830 permisit,
936 2751 1030 2813 filiam
1053 2750 1282 2813 tuamatribus
1305 2748 1412 2810 hosti·
1431 2752 1465 2805 21
1542 2765 1543 2776 ¹

517 2851 586 2926 bus,
609 2869 665 2930 per
677 2851 833 2914 fenestras
847 2872 916 2915 cum
936 2852 1031 2914 scalis
1043 2851 1297 2924 escendentibus,
1316 2850 1411 2929 quin-

518 2971 576 3032 que
609 2951 712 3031 plagis
745 2953 958 3033 corporalibus
991 2952 1164 3026 vulnerari,
1197 2951 1346 3012 videlicet
1377 2950 1412 3010 in
1429 2956 1464 3009 23

517 3053 619 3127 oculo,
642 3071 731 3127 naso,
754 3073 819 3129 ore,
847 3056 989 3117 menibus
1018 3062 1050 3116 et
1072 3054 1208 3128 auribus,
1231 3052 1352 3114 adhoc
1375 3059 1412 3113 ut

517 3154 646 3216 deberes
677 3155 851 3231 recordari,
885 3155 1042 3219 Christum
1077 3155 1209 3236 quinque
1237 3153 1347 3233 plegae
1376 3152 1411 3212 in
1430 3157 1467 3212 25

516 3275 646 3336 corpore
670 3274 725 3318 suo
748 3257 934 3337 pertulisse,
967 3266 1002 3320 ut
1028 3265 1060 3319 te
1090 3265 1122 3319 et
1151 3255 1245 3318 filium
1268 3263 1353 3316 tuam
1376 3261 1410 3316 et

553 3412 572 3460 l.
589 3413 670 3471 bibes]
690 3409 709 3460 0
727 3409 820 3458 bibens.
838 3413 943 3471 veneno]
979 3412 1006 3462 B.
1037 3411 1075 3462 11.
1095 3416 1120 3459 et
1137 3426 1151 3459 a
1168 3409 1271 3470 mundo,
1289 3416 1313 3457 et
1330 3409 1355 3469 e]
1374 3409 1409 3469 B;

513 3497 675 3559 interpolatio
692 3497 719 3544 ln
738 3492 846 3544 cod.A².
866 3495 889 3548 2.
908 3497 942 3554 et]
978 3498 1008 3545 el.
1027 3495 1123 3543 mundo
1142 3499 1172 3543 et.
1205 3494 1241 3543 13.
1259 3495 1409 3556 permisisti]

513 3579 575 3628 Bet
593 3581 680 3628 ctiam.
724 3581 883 3641 scripturam]
907 3577 942 3626 A¹
978 3595 1025 3630 om.
1044 3581 1074 3627 D.
1112 3579 1151 3629 15.
1169 3591 1197 3627 os
1217 3579 1251 3638 et]
1272 3577 1291 3624 B
1309 3591 1358 3626 orn.
1376 3582 1410 3628 et.

513 3666 644 3723 scriptum.
698 3664 721 3712 4.
747 3666 774 3712 in
791 3665 941 3724 Proverbiis]
977 3679 1048 3714 neres
1066 3665 1100 3724 et]
1120 3664 1201 3712 Dom.
1222 3666 1259 3723 εἰς
1278 3663 1411 3711 B'norres.

513 3763 561 3799 om.
579 3748 610 3796 D.
639 3749 661 3798 8.
678 3750 705 3796 ln
724 3750 763 3808 eo]
783 3762 831 3798 om.
851 3750 879 3796 Β.
898 3750 942 3798 de·
978 3749 1017 3800 16.
1044 3762 1089 3810 per
1111 3747 1201 3806 dictas]
1231 3761 1279 3795 om.
1304 3742 1356 3807 A²3
1383 3747 1408 3794 D

512 3832 650 3893 liquisti]B
667 3833 822 3894 delinquisti.
850 3835 873 3884 9.
892 3834 943 3883 De·
976 3833 1115 3892 prodictus.
1135 3831 1173 3880 17.
1193 3829 1408 3893 pertemptare.

511 3919 618 3977 liquisti]
638 3931 686 3966 orn.
703 3917 734 3966 D.
765 3917 941 3978 permittendo]
979 3917 1017 3968 te.
1036 3917 1077 3976 ex]
1096 3915 1118 3962 D
1137 3920 1167 3963 et.
1195 3915 1235 3964 21.
1252 3915 1292 3974 ut]
1312 3915 1407 3963 omli.

500 4001 534 4049 ‘D
552 4003 591 4049 vel
609 4001 787 4060 permittendo.
828 4007 852 4051 te
875 4002 940 4062 e]D
977 4001 1017 4050 25.
1036 3999 1146 4058 deberes]
1163 3997 1290 4048 (ldebeos.
1308 4001 1406 4062 plagas]

512 4099 528 4132 a
546 4084 653 4147 te(post
664 4083 736 4145 tuis).
757 4084 795 4136 10.
814 4087 877 4146 tuis]
892 4099 939 4134 orn.
975 4085 1104 4146 Dplapts.

579 4216 733 4270 *Petrus
751 4221 899 4270 Allonsi:
918 4221 1116 4283 “Philosophus:
1135 4219 1219 4298 Hujus
1237 4219 1321 4267 seculi
1340 4220 1407 4267 bone

511 4305 648 4352 commixta
664 4309 732 4366 sunt,
751 4318 803 4354 non
822 4308 886 4354 enim
903 4306 1016 4356 comedes
1034 4306 1082 4352 mel
1100 4305 1155 4354 sino
1173 4295 1289 4356 veneno'’.
