3112 4966
380 513 513 556 erarius
528 515 566 556 au
580 482 810 558 ursaarooaom.
980 506 1039 566 125

27 695 29 702 ’
118 665 289 750 lalioquin
313 670 398 731 Deus
422 670 487 732 sine
510 669 722 732 misericordia
743 679 774 731 te
797 670 929 749 puniret.
985 670 1040 732 Ait
1135 681 1165 748 ',

152 771 234 833 enim
257 772 369 833 beatus
391 772 412 833 J
418 771 564 834 acubus
587 772 618 833 in
641 770 786 851 Epistola
807 791 878 834 sua:
925 772 1218 871 “Judi·g2{gl·,1{lv,³'3f·

117 871 134 924 3
153 873 234 936 cium
260 873 338 934 enim
362 872 428 935 sine
451 872 664 934 misericordia
686 873 740 934 fiet
762 873 800 946 ci,
834 873 965 953 quinon
990 875 1038 935 fe·
1135 873 1138 878 ’

152 976 232 1038 cerit
254 973 529 1036 misericordiam&

116 1075 133 1128 5
236 1076 307 1156 Hijs
330 1067 443 1137 additis
466 1081 498 1136 et
517 1075 678 1155 diligenter
693 1075 836 1155 cognitis,
849 1081 1039 1138 MELIBEUS

151 1178 250 1240 dixit:
297 1177 483 1255 “Unguento
513 1184 544 1237 et
572 1177 666 1238 variis
695 1177 838 1239 odoribus
867 1176 1040 1240 delectatur
1057 1181 1254 1273 {ppssprwul-

118 1279 217 1354 icor,
246 1287 278 1340 et
299 1278 388 1339 bonis
416 1276 506 1338 amici
536 1277 681 1339 consiliis¹
700 1278 802 1340 anima
830 1277 1038 1342 dulcoratur''.
1144 1260 1151 1284 ⁹

150 1383 232 1444 Hinc
256 1390 306 1442 eat
327 1379 419 1460 quod,
441 1387 570 1460 propter
588 1379 690 1442 dulcia
713 1388 744 1442 et
762 1377 939 1442 suavia'tna
960 1399 1037 1442 con·

116 1484 131 1538 9
151 1483 223 1545 eilia
245 1488 364 1544 mutato
387 1499 454 1541 meo
478 1480 648 1560 proposito,
671 1490 755 1543 tuam
778 1481 847 1544 volo
871 1480 957 1560 sequi
978 1481 1037 1542 be·

150 1584 346 1665 nignitatem,
375 1589 407 1642 et
428 1581 459 1642 in
482 1582 540 1643 hoc
563 1582 685 1662 negotio
708 1582 739 1644 in
767 1582 906 1645 carnibus
929 1591 961 1644 et
982 1601 1037 1662 per
1083 1651 1085 1656 ¹

100 1689 131 1741 11
150 1686 254 1748 omnia
276 1695 361 1748 tuam
383 1684 486 1745 iacere
508 1683 710 1746 voluntatem.

234 2051 429 2114 'Adveniente
457 2051 561 2131 itaque
590 2051 720 2113 termino
744 2054 924 2132 constituto,
951 2073 1034 2134 prce·

20 2159 22 2222 J
100 2163 132 2217 13
149 2154 226 2217 dicti
256 2152 426 2230 adversarii
455 2172 521 2214 cnm
546 2152 736 2232 juratoribus
767 2154 830 2216 suis
858 2155 898 2216 ad
921 2155 1035 2216 curiam

20 2317 22 2338 k
149 2255 264 2318 domiui
291 2253 451 2316 Melibei
483 2255 687 2328 accedentes,
725 2254 874 2336 flexisque
907 2254 1034 2336 genibus

20 2403 22 2432 ,
100 2367 132 2420 15
150 2358 216 2419 suis
239 2358 377 2436 fusisque
407 2355 543 2418 lacrimis
573 2357 613 2417 ad
640 2356 736 2435 pedes
765 2356 839 2419 dicti
862 2357 974 2420 domini
997 2377 1034 2420 ac

150 2458 281 2520 domina
306 2457 532 2520 Prudentiae
569 2456 717 2538 prostrati
747 2456 905 2521 dixerunt:
949 2459 1033 2522 Ecce

19 2575 21 2632 l
100 2571 130 2624 17
150 2559 290 2620 venimus
322 2558 382 2620 huc
415 2560 517 2639 parati
549 2559 579 2620 in
614 2557 752 2622 omnibns
786 2568 818 2620 et
849 2579 905 2641 per
933 2561 1034 2622 omnia

147 2660 263 2721 vestris
299 2660 422 2721 obedire
457 2659 632 2741 praeceptis.
690 2660 925 2735 Verumtamen,
960 2660 1034 2723 licet
1067 2722 1071 2732 ,

98 2760 275 2840 19indigni,
308 2769 444 2823 vestram
475 2781 637 2822 exoramus
665 2760 919 2836 dominationem,
953 2781 1032 2841 qna-

148 2860 278 2936 tenus*,
302 2880 376 2940 erga
404 2881 460 2924 nos
482 2882 542 2923 non
566 2870 747 2923 exercentes
769 2862 948 2937 vindictam,
977 2862 1032 2924 sed
1128 2929 1132 2936 ,

98 2963 253 3043 21potins
287 2962 546 3043 placabilitatem,
581 2963 776 3024 clementiam
810 2971 842 3024 et
874 2965 1033 3044 pietatem,

19 3143 20 3148 ἵ
145 3063 234 3126 nobis
258 3063 389 3126 subditis
412 3065 530 3152 vestris
547 3062 660 3126 donare
684 3064 848 3144 dignemini
869 3064 1033 3146 indulgeu-

98 3183 131 3238 23
148 3166 235 3229 tiam.
280 3165 377 3227 Eritis
399 3185 529 3245 namque
552 3165 622 3227 inde
644 3166 852 3246 potentiores;
885 3166 1033 3246 scriptum

148 3274 198 3328 est
231 3265 329 3327 enim:
381 3266 504 3328 “Multa
536 3265 723 3345 ignoscendo
762 3277 874 3348 potens
906 3269 941 3330 iit
973 3286 1031 3348 po·
1051 3268 1225 3365 ffilffitgpj

97 3386 129 3440 25
145 3367 293 3430 tentior''.

182 3525 202 3572 1.
228 3523 339 3584 puniret]
364 3519 398 3570 A¹
419 3524 523 3580 punica·
548 3525 571 3570 A
609 3523 646 3571 ¹5.
675 3523 744 3582 dicti]
771 3537 818 3571 om.
835 3511 864 3569 B.
908 3524 945 3583 ac]
965 3516 1032 3571 lt'cc

142 3606 271 3664 judicabit
289 3608 424 3664 inspectet.
469 3607 491 3654 3.
518 3608 570 3666 liet]
602 3607 736 3672 prodicta.
756 3607 794 3658 19.
813 3606 918 3667 indigni]
938 3607 1031 3654 Btan·

146 3701 194 3738 orn.
213 3687 303 3741 Arl’l).
345 3693 367 3740 5.
391 3690 457 3750 Hijs]
476 3690 496 3737 B
513 3691 572 3748 Hijs
607 3705 683 3754 quum
700 3691 809 3752 indique.
828 3690 1030 3751 dominationem]

145 3778 238 3846 cutem.
293 3775 316 3822 l.
350 3775 433 3834 bonis]
452 3777 480 3846 'A
496 3775 570 3822 dont
606 3776 804 3823 Delamantium
827 3779 851 3822 et
873 3775 1030 3822 dominatio·

146 3858 184 3908 10.
202 3858 416 3925 lnl'hocnegotio]
435 3862 530 3917 om.A;
548 3859 571 3906 D
605 3873 670 3909 nem.
706 3867 826 3920 quatenus
845 3860 909 3918 erga]
929 3858 948 3907 B
966 3873 1030 3921 quc·
1114 3849 1116 3854 ’

144 3943 173 3988 in
191 3944 307 4004 περαίη
325 3944 345 3991 Ε
362 3943 447 3991 innoc
461 3943 570 4004 judicio.
605 3946 674 3992 tinus
701 3959 764 4006 erpo.
815 3943 853 3996 22.
882 3943 980 4002 vestris]
1007 3943 1030 3990 D

146 4028 184 4076 14.
221 4028 351 4086 flexisque]
387 4025 406 4073 B
435 4040 483 4076 om.
515 4042 569 4090 que.
603 4030 703 4076 nostris.

178 4159 193 4194 *
212 4165 377 4231 Domlactto:
395 4165 485 4212 titulus
502 4165 648 4214 honorarius
666 4167 805 4228 prlncipunr
823 4172 847 4214 et
864 4165 1028 4227 prelatorum.

146 4248 232 4296 Venio
250 4248 335 4297 Italica
353 4247 413 4311 (M),
436 4262 459 4310 p.
480 4249 541 4299 209:
560 4250 586 4298 ta
602 4254 686 4297 nostra
709 4251 830 4311 etpaorta.
849 4274 878 4285 -
900 4248 1029 4305 Quatenus

143 4344 191 4392 pro
209 4335 237 4378 at
254 4334 286 4380 cl.
305 4345 380 4396 supra
396 4347 421 4395 p.
439 4332 462 4393 8,
480 4345 502 4380 v,
523 4334 561 4383 tl.
691 4377 695 4386 .
