3172 4988
498 435 538 496 88
578 447 602 488 c.
618 447 719 487 xxxrx.
743 443 1339 491 naonnrororunrorsornoavrumorsn.

497 599 603 664 Judex
626 619 699 682 ergo
723 608 829 683 potest
851 611 884 666 et
906 602 1000 666 debet
1022 619 1090 664 curn
1120 599 1289 664 severitate
1312 599 1425 662 saci-1

497 720 629 764 norosos
652 721 781 779 necare,
815 705 978 778 mulctare,
1013 702 1179 783 castigare,
1203 701 1292 764 bonis
1315 721 1391 782 spo-

497 802 592 880 liare,
625 823 682 866 nec
714 805 781 885 pati
814 824 901 867 suurn
931 804 1092 885 imperium
1120 804 1151 866 in
1182 802 1285 882 aliquo
1315 800 1426 865 oon-3

455 915 458 922 ’
498 906 635 985 tempni,
669 914 704 968 ut
725 907 832 987 leges
856 907 1003 969 clamant.
1058 905 1101 968 m
1123 903 1218 966 etiam
1241 903 1392 965 Tullius

278 1006 482 1099 fffffglgffsfie
499 1005 596 1069 dixit:
642 1008 774 1090 “Neque
809 1016 859 1070 est
891 1008 972 1070 enim
1006 1013 1116 1068 contra
1149 1012 1290 1067 naturam
1325 1003 1428 1066 eum5

317 1088 322 1106 ¹
351 1085 357 1110 ’
498 1108 645 1188 spoliare,
669 1109 695 1171 si
717 1111 840 1190 possis,
876 1128 965 1190 quem
989 1114 1039 1170 est
1058 1108 1224 1170 honestum
1246 1104 1392 1167 necare''.

280 1195 480 1296 ssff¹1¹1¹⁰ssss¹22⁵f²
497 1209 541 1271 Et
562 1208 832 1274 Cassiodorus
850 1212 944 1274 dixit:
969 1209 1170 1290 “Imperinm,
1194 1208 1220 1270 si
1242 1207 1392 1286 inparve
1411 1205 1428 1260 7

500 1313 740 1393 contempnitur,
769 1313 801 1375 in
824 1314 905 1377 omni
927 1320 1017 1394 parte
1040 1309 1207 1374 violatur''.
1263 1307 1298 1370 si
1320 1325 1392 1388 ergo

499 1412 652 1495 predicte
674 1415 839 1495 diligenter
859 1414 1047 1496 inspexeris,
1071 1422 1103 1475 et
1117 1412 1211 1474 etiam
1234 1429 1300 1492 qnae
1322 1409 1393 1489 ple·
1412 1407 1430 1462 9

500 1516 570 1579 nius
593 1517 631 1578 de
660 1515 798 1578 vindicta
819 1523 930 1579 notata
959 1524 1031 1578 sunt
1052 1515 1082 1577 in
1111 1514 1189 1576 libro
1213 1512 1259 1574 De
1282 1512 1396 1573 Forma
1577 1517 1578 1580 t

280 1603 486 1699 imin&
501 1615 596 1685 Vita,
617 1617 649 1679 in
671 1617 780 1680 titulo:
804 1618 851 1680 De
874 1618 1027 1681 Vindicta
1050 1615 1218 1690 Facienda,
1240 1614 1318 1674 bene
1340 1611 1391 1672 in·
1412 1611 1445 1666 11

196 1747 197 1750 ¹
280 1707 445 1750 ⁰⁷¹⁶⁰⁶³⁰⁰⁸²'
501 1718 674 1795 tellexeris,
696 1727 817 1800 aperte
846 1721 964 1800 poteris
988 1737 1194 1800 cognoscere,
1226 1714 1394 1777 vindictam
1577 1705 1578 1788 Ῐ

503 1820 545 1882 ed
576 1820 676 1883 solum
704 1820 802 1883 Deum
836 1822 887 1884 vel
918 1822 957 1884 ad
983 1820 1119 1902 judicem
1149 1817 1332 1890 secularem,
1367 1820 1399 1876 et
1416 1817 1452 1872 13
1577 1819 1578 1824 ’

503 1941 564 1983 non
594 1922 634 1983 ad
667 1929 698 1984 te
728 1923 776 1984 vel
806 1924 846 1984 ad
875 1923 968 1985 alium
997 1920 1196 2002 singulariter
1228 1916 1395 2000 pertinere.

502 2023 623 2104 Itaque,
646 2021 673 2085 si
694 2023 863 2087 vindictam
885 2026 989 2087 facere
1004 2023 1176 2098 desideras,
1200 2021 1239 2082 ad
1258 2018 1396 2099 judicem
1413 2021 1449 2076 15

498 2126 748 2207 jurisdictionem
777 2127 827 2188 vel
856 2127 1017 2206 imperium
1045 2124 1212 2187 habentem
1241 2139 1396 2195 recurras,

504 2229 556 2309 qui
574 2229 701 2308 justitia
721 2227 878 2290 mediante
897 2225 1094 2290 adversarios
1117 2231 1188 2287 tuos
1212 2221 1318 2285 debita
1340 2239 1396 2283 co·
1415 2224 1450 2278 17

503 2330 649 2392 heroione
672 2329 780 2410 punire
814 2348 874 2390 non
903 2327 1052 2392 tardabit.
1107 2326 1173 2388 Ant
1196 2324 1276 2386 enim
1303 2322 1397 2403 puni-

506 2437 597 2492 entur
609 2429 813 2510 corporaliter
825 2429 941 2492 inimici
957 2429 1014 2504 tui,
1039 2436 1093 2490 aut
1114 2426 1294 2508 injuriarum
1317 2442 1396 2486 con·
1414 2427 1449 2482 19

506 2531 665 2612 dempnati
687 2531 859 2606 efficientur
881 2530 1012 2592 infames
1020 2550 1028 2605 3
1064 2537 1096 2590 et
1124 2529 1185 2603 sic,
1204 2534 1277 2606 post
1299 2524 1396 2586 amis·
1455 2533 1459 2536 ’

506 2631 624 2694 sionem
646 2651 765 2712 magnae
789 2631 973 2711 quantitatis
1002 2652 1065 2694 sune
1089 2627 1284 2702 substantia,
1312 2627 1396 2687 infa-
1415 2631 1450 2685 21

505 2733 582 2794 mati
611 2751 648 2794 ac
679 2733 884 2813 depauperati
907 2746 976 2795 curn
1007 2715 1160 2794 dedecore
1184 2748 1220 2790 ac
1243 2725 1397 2806 vituperio

504 2833 621 2895 vivent.
1415 2833 1450 2887 23

588 2935 646 2996 ,Ac
671 2939 863 2996 MELiBEUS
893 2935 988 2996 dixit:
1034 2933 1120 2994 Talis
1153 2930 1292 2992 vindicta
1323 2927 1399 2990 mihi

506 3033 668 3114 displicet3
691 3054 762 3097 narn
786 3036 824 3097 de
846 3034 974 3097 infamia
994 3033 1045 3096 vel
1067 3032 1206 3113 pecuniae
1230 3028 1396 3092 amissione
1415 3036 1451 3090 25

504 3155 615 3216 parum
638 3144 792 3198 curarent.
842 3137 909 3216 Ego
931 3153 1005 3196 vero
1029 3136 1056 3195 si
1078 3134 1239 3195 emendam
1267 3151 1323 3212 pro
1346 3129 1397 3191 in-

491 3237 585 3325 ·Juria
614 3236 688 3298 mihi
717 3244 749 3298 et
775 3236 846 3298 filia
873 3255 949 3298 meae
968 3236 1068 3298 -illate
1095 3233 1297 3313 susciperem,
1332 3230 1399 3293 sine
1416 3239 1451 3292 27

542 3440 563 3490 i.
590 3435 732 3497 severitate)
756 3436 934 3487 Baesuritote.
969 3451 1024 3486 moe.
1062 3438 1101 3487 22.
1127 3438 1299 3500 depauperati]
1318 3436 1338 3483 Ε
1356 3436 1400 3484 de·

507 3526 530 3575 2.
548 3523 645 3582 necaro]
664 3522 683 3568 B
701 3535 811 3571 neccaro.
831 3522 854 3571 6.
873 3535 935 3584 spo·
965 3522 1103 3581 pauperari
1118 3524 1232 3584 [norton
1251 3519 1283 3570 A'
1304 3522 1401 3580 depon-

505 3610 577 3668 liare]
596 3621 645 3656 om.
663 3606 695 3654 D.
739 3605 779 3656 10.
796 3607 892 3666 notate]
911 3606 934 3654 D
966 3607 1070 3664 pcrtctt.
1089 3606 1208 3656 dedecore
1226 3609 1263 3667 ec]
1283 3620 1330 3654 om.
1349 3602 1400 3665 A²;

437 3681 440 3686 '
506 3695 584 3742 arcte.
643 3691 681 3740 14.
713 3691 880 3750 singurarrar]
912 3690 934 3737 o
969 3689 992 3736 o
1017 3690 1101 3738 aaron
1123 3705 1161 3740 aa.
1205 3691 1339 3754 vituperio]
1364 3686 1400 3737 m

505 3778 669 3838 stupratorem.
708 3775 746 3824 18.
763 3776 826 3834 non]
844 3773 865 3822 Ε
882 3787 936 3821 nors
968 3775 1164 3832 vituperatione.
1209 3776 1249 3825 24.
1268 3775 1400 3834 Melibeus]

506 3863 560 3910 diu.
600 3860 717 3918 tardabit]
746 3857 934 3917 otendebant,-
969 3857 1145 3907 BMclltbeus.
1190 3860 1229 3910 25.
1256 3859 1401 3918 amissione]

507 3941 540 3995 A²
568 3945 674 3994 timebit.
734 3944 881 4003 puniantur]
912 3943 934 3989 D
970 3941 1174 3994 Bcdmtsctone.
1202 3942 1242 3994 26.
1261 3943 1401 4002 Egosero]

502 4032 664 4093 punirentur.
710 4029 750 4077 20.
772 4029 818 4100 sic]
838 4040 878 4076 orn
895 4027 935 4085 D;
968 4026 1040 4073 unt
1057 4039 1110 4088 epo.
1129 4027 1266 4087 emendem]
1281 4024 1403 4075 svmen-

505 4118 574 4166 Dst.
610 4113 780 4172 amissionem]
798 4112 818 4160 B
837 4112 936 4159 ndmta-
969 4110 1043 4170 dem,-
1062 4110 1124 4159 BEF
1142 4111 1275 4160 mandam.
1305 4112 1347 4160 27.
1366 4112 1402 4170 ct]

504 4203 610 4250 atonem.
629 4198 669 4248 21.
686 4197 790 4256 magna]
808 4195 831 4243 D
846 4195 935 4278 'mont
969 4193 991 4241 D
1009 4195 1057 4243 ecl.
