3172 4988
428 491 530 533 moiun
544 490 687 533 ausurae
701 463 866 534 rossontus.
1030 471 1088 538 119

169 650 185 702 1
203 653 429 726 praesentarent
444 645 576 707 audituri
589 664 675 707 suam
688 647 879 708 voluntatem
901 653 992 726 atque
1006 664 1088 725 prae-

206 756 315 826 cepta3
340 767 410 808 nam
432 749 557 810 volebat
579 767 647 809 cum
659 747 787 809 medicis
810 747 847 808 de
865 749 1088 820 convalescen-
1128 739 1131 744 ’

171 851 249 910 Stia
276 849 346 911 filiae
375 869 438 911 suae
472 859 619 924 tractare,
654 857 745 929 atque
775 850 812 910 de
840 850 1005 928 praeceptis
1028 848 1089 910 illis

205 950 354 1012 faciendis
385 971 453 1012 cum
487 972 599 1032 magna
632 950 852 1018 deliberatione
886 958 918 1011 et
951 949 1089 1028 diligenti

168 1052 379 1131 oprovisione
403 1054 549 1134 cogitare.
590 1053 660 1132 Hijs
683 1052 788 1114 taliter
799 1051 959 1124 ordinatis,
984 1069 1089 1122 omnes
1191 1095 1192 1098 ,
1232 1065 1234 1070 '

203 1153 273 1214 hinc
296 1154 366 1215 inde
390 1175 456 1217 cum
480 1154 589 1216 laetitia
612 1163 643 1215 et
665 1153 775 1234 gaudio
798 1160 1003 1214 recesserunt.

141 1279 144 1286 ’
170 1267 186 1320 7
288 1256 509 1318 Postmodum
531 1255 733 1328 Melibeus,
756 1255 877 1315 vocatis
900 1253 940 1314 ad
963 1273 997 1314 se
1019 1273 1087 1315 me·

205 1356 292 1432 dicis,
317 1357 354 1418 de
368 1358 436 1418 filia
461 1375 523 1418 suae
543 1355 794 1418 convalescentia
816 1355 978 1435 diligenter
1001 1375 1086 1437 quae-

167 1470 183 1523 9
202 1458 283 1519 sivit.
330 1458 385 1521 Oui
409 1459 551 1520 dixerunt
573 1457 699 1520 medici:
734 1457 821 1527 Ecce¹
840 1457 902 1520 filia
924 1466 978 1518 tua
999 1456 1087 1537 quasi

203 1559 336 1621 liberata
358 1568 417 1636 est,
449 1580 505 1621 nec
529 1561 566 1620 de
586 1559 668 1621 illius
690 1560 941 1622 convalescentia
962 1569 993 1621 te
1015 1558 1086 1621 nul·

148 1676 183 1729 11
204 1661 325 1723 latenus
354 1663 494 1724 dubitare
517 1646 650 1740 oportet.
706 1658 792 1731 Quos
816 1662 1007 1724 Melibeus
1031 1679 1085 1722 co-

203 1764 288 1842 piose
317 1763 543 1838 remuneravit,
578 1781 691 1843 eosque
719 1763 855 1840 rogavit,
890 1757 934 1852 ut'
953 1763 989 1824 de
1017 1762 1086 1824 filiae

147 1879 185 1934 13
203 1885 265 1926 suae
289 1866 434 1928 sanitate.
446 1864 671 1926 studiosissime
694 1871 906 1944 procurarent.

286 2409 403 2480 Quibus
436 2411 482 2472 ita
514 2411 667 2490 peractis,
700 2415 933 2483 PRUDENTIA,
968 2428 1084 2471 summo

146 2509 185 2583 15
203 2532 292 2573 mane
308 2509 345 2573 'in
368 2520 485 2574 remoto
509 2521 541 2573 et
570 2520 691 2573 secreto
714 2511 782 2573 loco
806 2509 896 2572 simul
919 2530 986 2572 cum
1007 2512 1083 2572 Me-

202 2613 306 2675 libeo
330 2612 485 2686 existenS,
520 2613 599 2674 dixit
626 2613 668 2674 ei:
704 2613 845 2687 Domine,
874 2612 985 2674 vellem
1010 2631 1032 2672 a
1053 2620 1085 2674 te

148 2713 184 2768 17
201 2715 308 2776 audire
339 2713 510 2794 cujusmodi
538 2721 695 2793 praecepta
731 2698 855 2793 placeat
882 2714 937 2775 tibi
970 2713 1085 2775 nostris

203 2816 390 2878 adversariis
413 2817 526 2875 facere.
1117 2815 1120 2820 ’

149 2918 184 2971 19
240 2993 242 2998 Ι
286 2924 350 2986 QUI
372 2917 465 2978 dixit:
489 2916 569 2976 Volo
587 2915 662 2988 ¹illos
684 2916 772 2977 bonis
791 2917 929 2977 omnibus
953 2917 1086 2995 spoliare

201 3017 323 3098 illisque
347 3019 526 3097 praecipere,
560 3025 594 3077 nt
624 3017 790 3095 adportes
813 3017 1029 3078 ultramarinas
1053 3036 1086 3078 se

149 3121 404 3193 21trausferanu
429 3118 556 3180 ulterius
580 3118 638 3178 huc
662 3119 907 3181 nou'reversuri.

287 3221 332 3282 At
352 3227 443 3280 ILLA
465 3220 558 3281 dixit:
602 3219 740 3299 Iniquum
769 3229 853 3282 esset
881 3222 938 3283 hoc
966 3240 1086 3300 praece·

151 3325 187 3378 23
205 3330 309 3403 ptum,
343 3341 398 3382 nec
423 3330 508 3383 esset
529 3320 642 3382 rationi
665 3330 915 3383 cousentaneum.
971 3318 1086 3396 Quare,

205 3425 231 3486 si
252 3426 521 3502 hoc'praeceptum
546 3424 676 3497 faceres,
703 3443 857 3504 nunquam
881 3443 948 3486 cum
970 3424 1086 3484 honore

151 3527 187 3582 25
203 3526 306 3587 vivere
335 3524 475 3598 valeres3
517 3511 598 3598 nam,
633 3545 699 3587 cum
729 3527 810 3589 ultra
847 3526 968 3587 modum
1002 3524 1087 3586 dives

240 3728 310 3777 1-5.
329 3727 628 3789 utque-cogitarem,
661 3732 744 3788 placet
770 3732 830 3790 titi,
858 3727 892 3779 A'
910 3743 957 3777 orn.
973 3731 1087 3789 placeat3

204 3815 234 3862 A.
270 3814 293 3862 4.
311 3814 346 3880 ot]
364 3811 383 3858 B
402 3825 439 3859 oc.
480 3813 503 3860 6.
522 3824 629 3859 recesse-
664 3815 756 3873 Eeta,·
781 3816 802 3863 D
826 3813 949 3876 oultiv(?).
993 3814 1030 3864 18.
1049 3816 1088 3862 ia·

204 3899 272 3957 runt]
293 3911 342 3945 om.
360 3898 391 3944 D.
428 3894 628 3956 vallanorum
664 3901 726 3958 cero]
746 3912 795 3950 om.
817 3901 846 3946 Α.
884 3899 922 3948 20.
946 3900 1087 3948 ultramari-

205 3982 341 4030 Mellibeus.
394 3981 431 4030 10.
462 3981 574 4041 liberata]
607 3981 629 4027 D
664 3985 719 4044 nas]
737 3984 759 4030 D
777 3984 1006 4041 ultramarinus,
1031 3981 1087 4032 AA¹

205 4066 350 4116 deliberato.
372 4064 629 4125 13.suae]0m.130u.
664 4069 857 4114 transmarinus.
911 4069 950 4119 21.
977 4072 1089 4118 transfo-

204 4153 374 4214 procurarent]
399 4147 480 4199 ΑΑἸ)
507 4155 630 4202 curarent.
665 4154 729 4213 rant]
754 4153 774 4199 B
798 4153 960 4215 transferunt.
1008 4168 1089 4203 rover-
1171 4181 1173 4188 ,

206 4235 459 4297 latumiaeque.
507 4235 544 4284 17.
573 4237 629 4297 pla·
665 4238 727 4297 suri]
745 4235 779 4285 A²
798 4237 912 4287 redituri.
938 4238 978 4289 23.
996 4239 1087 4298 Quare]

205 4328 260 4369 caat
278 4321 333 4382 tibi]
353 4322 375 4368 Α
390 4321 508 4380 placeant
525 4318 585 4382 teet,
610 4319 629 4366 B
664 4320 684 4367 Ε
702 4323 770 4386 quia.
