3112 4966
528 469 568 528 78
766 477 830 522 cnr.
846 477 948 520 xxxvi.
980 475 1064 526 onor
1078 475 1174 520 rioms
1248 521 1251 528 ,

528 633 609 716 quor
644 633 819 698 diviciarum
856 633 1020 698 maranno
1054 615 1242 714 dispergitur
1276 640 1309 694 ee
1346 629 1445 692 naim

528 735 623 798 valet.
667 734 786 798 Inimici
808 755 882 798 vcro
904 735 949 799 ini
971 743 1044 797 eunt
1065 742 1141 809 tres,
1170 742 1202 796 et
1223 733 1339 796 multos
1360 733 1416 794 ha-

529 837 604 901 bent
625 837 704 900 filice
728 845 760 900 et
781 855 943 918 germanos
967 845 998 898 et
1016 835 1093 898 alios
1109 835 1317 910 necessarios,
1341 833 1447 916 qno-3

529 957 594 1002 rnnr
618 939 645 1000 ei
668 939 836 1003 vindictam
860 937 1002 1000 iaciendo
1027 937 1103 1000 dnos
1132 938 1268 999 veltres
1293 937 1419 998 occide·

529 1039 589 1114 rie,
624 1039 676 1102 alii
709 1047 922 1114 remanerent,
956 1039 1006 1120 qui
1040 1058 1205 1119 personam
1238 1047 1326 1100 tuam
1362 1037 1451 1098 citeri

531 1140 692 1205 destruere
715 1142 865 1210 valerent.
901 1139 993 1202 Circa
1015 1139 1086 1200 illos
1109 1140 1187 1201 alios
1209 1148 1281 1201 tuns
1304 1140 1421 1201 amicos

531 1253 638 1306 notare
663 1244 757 1306 debes
780 1243 872 1324 quod,
902 1241 977 1303 licet
998 1240 1095 1303 mnltc
1118 1241 1221 1320 plures
1245 1241 1309 1302 sint
1333 1240 1451 1322 qnam?

531 1343 721 1408 inimicorum
745 1344 847 1419 amici,
881 1350 985 1404 tamen
1013 1361 1074 1403 non
1104 1348 1177 1403 sunt
1197 1335 1279 1403 tales
1302 1350 1338 1403 nt
1361 1343 1423 1415 sni3

531 1465 602 1508 nam
633 1447 680 1508 rui
710 1456 782 1508 sunt
813 1443 982 1510 necessarii
1005 1453 1037 1506 et
1069 1442 1244 1524 propinqui,
1278 1443 1324 1505 tui
1353 1435 1455 1505 verni

533 1557 605 1610 sunt
627 1547 737 1610 remoti
759 1555 791 1608 et
812 1545 978 1626 longinqua
998 1545 1161 1626 parentela
1179 1545 1350 1626 conjuncti.
1377 1546 1426 1607 Ita

533 1649 617 1712 circa
640 1649 721 1723 illos,
746 1647 796 1728 qui
819 1647 1018 1710 consentiunt
1038 1645 1095 1708 ribi
1117 1646 1167 1708 vel
1188 1646 1263 1720 illis,
1287 1655 1320 1708 et
1343 1647 1425 1709 circa
1441 1646 1466 1698 11

533 1749 721 1832 principales
744 1770 906 1831 personas,
937 1749 1058 1811 illorum
1081 1748 1217 1811 conditio
1239 1749 1333 1812 valde
1357 1769 1424 1810 me·

532 1852 590 1916 lior
613 1859 663 1913 est
685 1871 774 1931 qnam
798 1861 862 1914 tua.
1441 1850 1468 1903 13

619 1953 763 2016 Secundo
779 1953 939 2016 videamus
957 1971 1051 2032 super
1068 1951 1218 2030 praedicto
1234 1951 1330 2012 verbo
1354 1975 1427 2014 cen-

533 2066 728 2128 sentaneum‚
752 2061 852 2117 utrum
867 2053 1038 2127 consilium,
1063 2054 1145 2132 qnod
1161 2051 1311 2133 recipisti,
1336 2052 1469 2114 vide-15

534 2157 609 2219 licet
632 2157 668 2218 de
692 2155 831 2216 vindicta
860 2154 1013 2228 facienda,
1044 2161 1287 2217 consentaneum
1309 2155 1353 2215 sit
1374 2175 1427 2216 ra-

535 2257 622 2332 tioni,
652 2277 692 2319 an
721 2277 792 2318 non.
847 2257 890 2317 Et
913 2263 996 2317 certe
1020 2275 1081 2317 non
1111 2264 1161 2316 est
1189 2263 1431 2318 consentaneum
1448 2255 1474 2309 17
1537 2293 1538 2304 1

536 2358 660 2433 rationi,
695 2357 767 2439 quia
796 2357 834 2418 de
863 2357 933 2436 jure
961 2356 1105 2420 -vindicta
1137 2357 1214 2418 nulli
1246 2357 1307 2419 nisi
1334 2357 1430 2437 judici
1537 2425 1538 2435 ἵ

318 2459 445 2502 sauriniani
465 2461 505 2500 Co·

318 2510 505 2562 decV111.1v,l.

536 2562 567 2624 in
591 2559 761 2623 continenti
783 2559 981 2639 permittatur
1010 2559 1211 2641 quibusdam,
1235 2560 1262 2622 ei
1281 2562 1338 2622 fiat
1360 2579 1427 2621 cum

537 2661 744 2724 moderamine
766 2661 934 2742 inculpata
957 2661 1074 2737 tutelae,
1097 2670 1132 2723 ut
1153 2661 1262 2742 leges
1287 2661 1404 2723 dicunt.
1445 2663 1472 2715 21

827 2967 967 3033 CAPUT
988 2966 1147 3032 XXXVI.

692 3121 775 3197 (inni
796 3121 899 3192 Medis
920 3121 1055 3192 Dicatur
1076 3121 1152 3198 cuis
1173 3119 1302 3188 Posse.⁴

485 3279 509 3338 s
621 3290 725 3355 Tertio
747 3313 820 3357 vero
843 3315 937 3378 cuper
959 3295 1172 3359 codemverbo
1186 3301 1426 3356 consentancum

538 3393 708 3470 rideamne,
730 3403 832 3458 ntrnm
854 3397 998 3460 voluntas
1021 3407 1076 3459 tua
1097 3395 1146 3457 vel
1165 3392 1326 3459 consilinm
1351 3411 1426 3454 non·
1442 3391 1472 3443 23

539 3495 656 3588 senciat
670 3497 870 3576 possibilitati
883 3506 944 3561 tuae
960 3499 1009 3560 vel
1026 3497 1173 3579 potentia
1196 3503 1268 3570 tuae,
1293 3513 1333 3555 an
1355 3513 1426 3556 non.
1535 3573 1536 3576 Ἴ

538 3597 582 3658 Et
599 3605 682 3659 certe
707 3616 800 3678 posse
827 3599 892 3661 sive
914 3599 1105 3680 possibilitas
1128 3594 1355 3660 multis'modis
1378 3596 1426 3658 di·
1442 3595 1472 3647 25
1535 3621 1536 3670 p

541 3697 631 3760 citur.
684 3699 806 3762 Dicitur
837 3701 915 3764 enim
936 3724 1041 3782 poene,
1075 3700 1155 3782 qnod
1177 3698 1338 3762 commode
1364 3696 1428 3758 fieri
1535 3685 1536 3769 i

574 3885 598 3938 2.
615 3889 684 3944 eunt]
704 3899 751 3936 om.
769 3887 799 3934 D.
828 3888 851 3937 3.
867 3901 963 3947 germn-
999 3887 1097 3949 cepisti]
1116 3883 1172 3933 A²c
1190 3886 1293 3945 σιωπὴ
1316 3884 1336 3931 Ε
1359 3897 1428 3932 cccc-

541 3970 597 4029 nor]
616 3969 642 4018 M
657 3971 722 4031 frati
741 3973 853 4030 carnali,·
876 3972 967 4033 Nsre·
998 3973 1070 4031 pirri.
1111 3970 1232 4029 videlicet]
1252 3965 1309 4017 An¹
1328 3969 1428 4016 rciiicet.

540 4067 587 4104 rec.
615 4055 638 4104 6.
657 4054 792 4116 destruere]
811 4059 833 4104 Α
850 4057 968 4106 occidere.
1003 4057 1043 4106 22.
1067 4055 1162 4114 eodem]
1181 4056 1204 4102 Α
1227 4054 1279 4101 hoc.
1323 4051 1363 4102 24.
1382 4059 1429 4100 inc

542 4139 604 4189 elice
630 4140 698 4198 tuna]
725 4137 760 4188 A¹
785 4146 841 4189 runa
863 4143 969 4205 aliquae.
1003 4143 1051 4202 rel]
1074 4141 1096 4189 E
1119 4145 1168 4188 tna
1188 4139 1228 4186 ccl
1249 4138 1362 4185 utilitati
1381 4141 1428 4184 inc
1534 4149 1535 4196 j

546 4223 711 4283 laniorum]
730 4236 777 4272 om.
796 4223 846 4288 A¹3
873 4227 969 4275 Arna.
1004 4228 1050 4274 nel.
1084 4231 1141 4282 tua,
1168 4224 1209 4282 an]
1242 4221 1262 4269 B
1293 4235 1341 4270 om.
1373 4225 1427 4269 tan.
1534 4227 1535 4294 p

546 4308 582 4358 15.
600 4309 694 4367 uirum]
718 4307 899 4373 Dutrnmqnc.
931 4325 971 4360 re·
1007 4312 1046 4362 25.
1065 4311 1126 4370 cive]
1146 4312 1168 4357 A
1186 4308 1237 4368 ναις
1255 4308 1286 4356 el.
1303 4319 1355 4355 reu.
1534 4375 1535 4392 χ

1534 4393 1535 4435 i
